3159 5017
798 554 957 611 -so—

345 693 391 731 res
409 672 491 731 Naso
512 669 643 751 collegit,
667 688 741 751 quae
763 669 872 729 deinde
889 670 1061 737 imitaretur,
1086 670 1114 728 in
1133 670 1219 750 epist.
1242 672 1297 728 let
1318 671 1359 729 ΙΙΙ
1375 688 1411 728 ex

346 766 492 838 Homem,
511 765 540 823 in
555 764 594 823 lV
611 776 640 823 et
659 764 717 822 XII
738 783 771 822 ex
790 763 939 843 Euripidis
957 763 1087 822 Phaedra
1101 777 1131 821 et
1143 763 1260 838 Medea,
1278 764 1308 822 in
1323 764 1378 822 Vll
1396 782 1412 821 e

346 856 468 937 Vergilii
486 856 629 929 Aeneide,
650 857 679 915 in
699 856 771 915 XXI
795 875 831 914 ex
846 856 1041 915 Callimacho.
1063 859 1160 937 Atque
1176 876 1210 915 ex
1234 857 1281 915 his
1294 855 1412 915 Graecis

346 952 515 1031 Latinisque
536 950 683 1031 poematis
712 948 811 1008 adhuc
843 949 1025 1009 exstantibus
1055 950 1221 1009 existimare
1253 969 1413 1030 possumus

346 1045 527 1118 coniectura,
550 1063 639 1125 quam
663 1042 755 1103 multa
773 1062 893 1124 quoque
916 1043 965 1102 hic
986 1063 1022 1101 ex
1051 1042 1230 1103 carminibus
1253 1043 1413 1124 deperditis

347 1138 523 1218 excerpserit
548 1139 578 1196 in
604 1137 698 1217 Epist.
727 1138 768 1196 IV
794 1156 831 1210 ex
862 1137 999 1217 Sapphus
1027 1135 1167 1216 operibus
1184 1150 1204 1207 ¹,
1232 1137 1262 1196 in
1284 1137 1356 1195 Vlll
1377 1156 1413 1195 ex

348 1230 504 1311 Sophoclis
519 1230 669 1311 tragoedia
682 1230 858 1303 Hermione,
875 1231 905 1289 in
920 1231 963 1289 XI
980 1243 1008 1290 et
1022 1231 1096 1290 Xlll
1111 1249 1146 1289 ex
1160 1230 1308 1310 Euripidis
1317 1228 1414 1289 Aeolo

348 1338 376 1383 et
389 1323 566 1399 Protesilao;
578 1323 707 1404 denique
722 1322 866 1403 quaedam
877 1324 1005 1405 reperias
1019 1342 1094 1406 quae
1108 1344 1142 1384 ex
1155 1321 1318 1404 Apollonio
1334 1323 1413 1384 Rho-

347 1416 408 1490 dio,
421 1436 456 1475 ex
472 1416 601 1490 Catullo,
618 1414 752 1490 Tibullo,
772 1418 926 1496 Propertio
942 1417 1066 1499 ipsoque
1089 1416 1208 1476 Pedone
1224 1414 1414 1475 Albinovano

348 1509 434 1570 ducta
449 1509 527 1570 haud
542 1511 690 1569 immerito
705 1510 795 1570 dicas.
817 1510 1004 1579 Quinetiam
1023 1530 1053 1569 se
1067 1512 1166 1591 ipsum
1182 1529 1270 1590 saepe
1284 1510 1415 1570 imitatus

348 1617 392 1663 est
406 1618 434 1663 et
450 1616 557 1663 notum
572 1594 616 1663 est
629 1617 811 1685 quantopere
826 1603 954 1663 Ovidius
967 1603 1002 1663 ad
1015 1604 1219 1683 exprimendas
1234 1604 1354 1665 easdem
1369 1625 1414 1664 res

348 1696 444 1756 verbis
461 1696 521 1756 lere
543 1697 648 1756 iisdem
673 1698 715 1756 uti
731 1698 940 1771 consueverit;
966 1716 1035 1756 nam
1058 1700 1128 1756 Ant.
1150 1697 1283 1778 Zingerle
1299 1696 1415 1757 libellos

348 1804 406 1849 tres
432 1791 489 1871 (op.
516 1789 581 1869 cit.)
607 1790 750 1871 exemplis
774 1790 948 1870 complevit,
967 1788 1074 1871 quibus
1097 1790 1231 1871 proditur
1248 1791 1415 1851 affectatae

349 1897 434 1964 poeta
456 1885 486 1943 in
506 1882 640 1964 epistulis
657 1885 728 1943 Her.
746 1904 808 1943 non
828 1883 926 1943 solum
945 1885 989 1942 sui
1004 1885 1108 1964 ipsius,
1124 1884 1275 1944 sedetiam
1291 1886 1413 1960 Catulli,

348 1975 470 2050 Tibulli,
488 1978 632 2058 Propertii
646 1976 703 2057 (Ι),
716 1991 781 2037 tum
798 1977 898 2051 Ennii,
912 1979 1051 2052 Lucretii,
1065 1977 1187 2058 Vergilii
1202 1977 1272 2059 (ll),
1287 1978 1416 2060 denique

350 2071 463 2129 Horatii
479 2070 604 2130 imitatio
619 2070 705 2151 (Ill).
723 2072 870 2151 Deinceps
883 2070 1087 2151 Eschenburg,
1104 2072 1134 2130 in
1152 2069 1244 2131 altero
1259 2092 1415 2153 program-

350 2176 428 2223 mate
452 2162 630 2223 Lubeckano
645 2176 669 2239 ²,
695 2163 820 2223 eandem
838 2165 989 2223 materiam
1008 2166 1114 2244 attigit,
1137 2164 1210 2224 dum
1230 2165 1415 2225 Ovidianum

350 2256 467 2315 dicendi
479 2276 575 2337 genus
597 2258 749 2338 perquirit,
766 2256 847 2338 quod
867 2255 923 2316 tale
937 2277 1012 2332 esse,
1029 2256 1114 2339 quale
1129 2259 1158 2317 in
1178 2257 1298 2340 reliquis
1313 2260 1415 2318 carmi·

351 2348 438 2408 nibus
454 2350 696 2430 deprehenditur,
711 2349 907 2431 comprobare
919 2350 1042 2411 studuit.
1056 2353 1210 2411 Postremo
1225 2350 1292 2412 Alb.
1303 2353 1416 2412 Luene-

351 2441 435 2522 burg,
459 2443 490 2501 in
514 2441 627 2503 laudata
653 2446 919 2514 commentatione,
940 2444 1088 2505 eiusmodi
1110 2446 1289 2505 imitationes
1309 2466 1417 2505 omnes

351 2536 491 2615 colligere
506 2550 535 2595 et
547 2556 698 2596 recensere
714 2552 936 2618 aggressusest,
950 2558 1010 2619 quo
1024 2538 1131 2597 melius
1143 2552 1247 2619 poetae
1261 2540 1416 2621 ingenium

350 2630 495 2689 aestimari
512 2644 613 2710 posset
629 2642 649 2690 3.
672 2632 714 2689 Ex
737 2631 782 2689 his
798 2651 899 2711 porro,
916 2651 992 2712 quae
1008 2631 1209 2692 disseruerunt
1225 2634 1417 2693 eruditissimi

349 2724 417 2795 viri,
447 2722 538 2803 liquet
566 2724 746 2784 Ovidianam
768 2723 909 2805 loquendi
939 2726 1187 2785 consuetudinem
1219 2746 1337 2808 semper
1362 2726 1417 2786 sibi

350 2817 517 2875 constitisse
534 2830 564 2875 et
582 2817 708 2877 eandem
722 2817 781 2877 fere
795 2819 825 2877 in
839 2817 1017 2877 carminibus
1037 2820 1216 2878 iuvenilibus
1228 2834 1258 2879 et
1275 2819 1417 2881 senilibus

352 2908 452 2968 fuisse.
469 2909 540 2968 Ideo
551 2929 611 2969 non
622 2910 699 2969 male
714 2910 867 2970 concludit
877 2910 1046 2992 Luneburg‚
1059 2921 1102 2993 op.
1113 2912 1173 2986 cit,
1185 2933 1216 2993 p.
1229 2915 1265 2973 82
1280 2934 1286 2973 :
1299 2939 1313 2969 a
1327 2915 1418 2974 nimia

354 3001 402 3061 illa
420 3002 565 3083 cupiditas
584 3003 629 3062 sui
646 3002 781 3063 imitandi
801 3005 890 3063 unius
910 3005 1013 3065 Ovidii
1034 3006 1153 3086 propria
1166 3007 1336 3088 summique
1353 3028 1417 3068 mo·

353 3097 446 3155 menti
461 3094 552 3155 estad
568 3094 646 3155 illius
660 3096 795 3157 indolem
810 3110 962 3179 artemque
977 3112 1056 3159 recte
1070 3100 1292 3159 aestimandam.
1303 3102 1417 3161 Conce-

353 3188 456 3248 dantus
471 3190 641 3249 iterationes
654 3190 841 3271 singulorum
851 3191 1009 3252 verborum
1025 3207 1054 3251 et
1065 3191 1207 3273 loquendi
1218 3194 1321 3268 moris,
1338 3196 1417 3276 quod

353 3282 388 3341 ad
404 3282 536 3363 singulos
551 3302 653 3342 versus
668 3284 783 3357 attinet,
800 3286 979 3365 proprietate
992 3284 1074 3345 latini
1085 3286 1242 3361 sermonis,
1259 3289 1310 3368 qui
1323 3303 1418 3348 metro

354 3389 383 3435 et
398 3377 574 3455 pentametri
594 3390 622 3435 et
637 3377 799 3437 hexametri
818 3379 895 3438 haud
916 3379 1023 3439 idonea
1040 3379 1106 3454 luit,
1129 3392 1224 3439 motas
1241 3400 1305 3440 esse
1322 3403 1418 3463 neque

355 3468 441 3549 plane
470 3470 572 3529 evitari
601 3472 756 3552 potuisse3
793 3472 991 3532 concedamus
1017 3492 1147 3555 quoque,
1178 3475 1246 3555 quia
1272 3474 1416 3549 Catullus,

354 3561 502 3637 Tibullus,
528 3565 710 3644 Propertius,
736 3584 810 3645 quae
834 3566 863 3623 in
890 3565 1019 3646 elegiaco
1046 3568 1144 3647 poesis
1171 3586 1279 3648 genere
1304 3571 1417 3629 tractari

372 3796 374 3800 ,
387 3764 408 3795 1.
426 3750 460 3795 Ex
472 3750 637 3802 Alexandrinis
651 3766 746 3814 quoque
758 3754 833 3813 poetis
847 3754 970 3816 desumpta
981 3754 1095 3816 quaedam
1109 3770 1159 3801 esse
1172 3765 1250 3801 censet
1263 3755 1415 3817 Comparetti,

354 3826 447 3881 0.cit.,
478 3860 483 3871 .
515 3841 537 3872 2.

362 3833 408 3946 pa.
427 3839 558 3948 Esblh.5Wie
572 3886 610 3947 hat
627 3903 685 3948 Ouid
697 3904 782 3961 enzelne
796 3904 880 3949 Worter
894 3904 940 3949 und
953 3904 1098 3951 Wortklassen
1112 3907 1136 3951 in
1154 3906 1215 3951 Versa
1230 3907 1353 3954 verwandt.
1372 3901 1418 3954 Eia

355 3976 446 4035 Beilrag
460 3992 496 4033 {tn
514 3977 689 4039 Echlhaitssrage
700 3979 739 4024 der
749 3980 804 4025 Her.
818 3980 853 4025 des
867 3980 944 4038 om'd,
960 3980 1027 4028 1886.

389 4065 409 4113 3.
428 4052 462 4097 De
474 4052 553 4097 Ouidio
564 4054 599 4098 sui
611 4054 728 4116 imitatore,
741 4057 818 4113 lenae,
834 4057 901 4117 1889.
916 4056 953 4103 Cf.
967 4058 995 4102 de
1007 4057 1083 4115 Vries,
1096 4066 1130 4119 op.
1143 4058 1182 4105 cit.
1195 4058 1221 4103 in
1238 4060 1415 4106 commentario.
