3159 5017
633 520 793 579 -.57-

181 634 318 695 decorem
334 634 462 694 vividius
478 654 609 716 unquam
624 655 796 717 expressum
814 655 877 696 esse
890 635 938 693 vix
953 634 1127 695 crediderim
1145 650 1165 694 ¹.
1185 637 1247 695 Iarn

182 728 369 811 elegantiam,
388 727 558 788 facilitatem
576 742 604 787 et
622 730 864 810 perspicuitatem
882 730 947 810 quis
960 749 1021 787 non
1036 729 1147 788 sentit?
1164 730 1246 789 Nihil

182 835 240 883 tam
264 820 392 881 flexibile
417 835 446 881 et
468 841 576 901 purum
601 842 691 903 quam
714 822 803 881 buius
824 822 966 883 orationis
992 835 1089 895 tenor,
1114 841 1189 902 quae
1208 823 1247 881 ita

182 913 271 974 libere
286 914 352 974 fluit
366 927 397 973 ut
410 934 562 996 nunquam
577 915 764 975 adhaerescat
776 929 805 975 et
817 928 921 996 poetae
936 912 1055 974 arbitrio
1068 913 1205 994 fingatur.

221 1008 372 1067 Interdum
390 1007 539 1068 subridere
550 1008 665 1069 videtur
680 1009 818 1083 Ovidius,
831 1022 859 1069 et
872 1022 951 1089 grata
965 1007 1109 1067 accedunt
1119 1008 1247 1088 descrip-

182 1101 252 1160 tioni
266 1101 375 1181 leporis
393 1101 597 1175 condimenta,
613 1103 697 1174 XIX,
719 1118 770 1179 195
791 1124 798 1162 :

357 1221 482 1293 Namque
494 1221 543 1275 sub
557 1238 662 1286 aurora,
678 1222 731 1275 iam
743 1222 905 1275 dormitante
917 1219 1032 1286 lucerna,

357 1305 468 1359 Somnia
480 1322 533 1376 quo
547 1307 618 1359 cerni
631 1318 751 1377 ternpore
766 1323 827 1360 vera
841 1304 938 1370 solent,

357 1390 476 1443 Stamina
489 1391 522 1444 de
534 1390 624 1462 digitis
636 1390 753 1445 cecidere
768 1406 862 1461 sopore
877 1390 1002 1455 remissis,

358 1473 490 1545 Collaque
501 1474 611 1546 pulvino
626 1487 717 1529 nostra
730 1472 839 1528 ferenda
852 1473 922 1528 dedi.

222 1597 349 1657 Delicata
373 1617 494 1678 prorsus
515 1611 668 1657 venustate
691 1596 785 1658 efficta
805 1612 849 1658 est
871 1598 992 1678 pictura.
1014 1597 1102 1656 Nunc
1124 1598 1153 1656 in
1175 1595 1247 1656 turri

183 1692 282 1750 omnia
298 1689 403 1765 sllent3
421 1710 488 1749 nam
506 1692 603 1750 Herus
618 1692 714 1750 nutrix
729 1692 787 1752 iarn
803 1711 910 1751 somno
927 1690 1017 1749 laxata
1031 1703 1086 1762 est,
1106 1703 1135 1749 et
1154 1690 1247 1750 inter-

183 1785 295 1865 roganti
314 1783 428 1864 puellae
447 1803 484 1843 an
500 1784 666 1845 Leandrum
684 1785 776 1844 exisse
791 1784 882 1845 domo
898 1797 1015 1865 putaret
1025 1785 1073 1843 vix
1087 1782 1247 1863 responde·

183 1892 235 1951 rat,
251 1880 335 1952 XIX,
351 1895 387 1954 45
403 1898 410 1937 t

359 1998 464 2051 Annuit
478 1996 522 2050 illa
537 1996 601 2063 sere,
616 2014 672 2051 non
685 2010 774 2051 nostra
786 1997 858 2070 quod
870 1996 960 2051 oscula
974 2009 1058 2061 curet,

358 2081 408 2135 Sed
428 2093 518 2135 movet
530 2082 659 2153 obrepens
670 2098 781 2135 somnus
795 2080 865 2135 anile
876 2094 963 2153 caput.

223 2208 256 2265 In
285 2205 493 2267 adumbrandis
522 2205 649 2266 breviter
685 2226 783 2266 rerum
818 2207 1036 2287 hominumque
1066 2203 1251 2263 lineamentis

184 2298 355 2359 mollissima
374 2312 418 2359 est
441 2301 568 2360 Nasonis
593 2301 686 2360 oratio
708 2314 737 2359 et
758 2300 795 2360 ad
814 2298 1006 2359 efficiendum
1026 2297 1107 2379 quod
1132 2296 1187 2356 sibi
1204 2297 1253 2358 hic

183 2406 374 2472 proposuerat
386 2394 553 2473 aptissima;
568 2393 642 2454 adeo
656 2407 755 2453 autem
769 2391 894 2473 simplex
909 2405 938 2451 et
947 2390 1110 2452 cottidiano
1123 2392 1253 2450 sermoni

184 2485 297 2559 similis,
311 2487 467 2568 praecipue
483 2507 551 2547 curn
567 2486 688 2548 affectus
700 2486 886 2567 exprimendi
897 2500 976 2560 sunt,
991 2498 1023 2545 ut
1036 2485 1110 2545 nihil
1123 2485 1252 2545 arcessiti

182 2592 210 2638 et
232 2578 373 2640 elaborati
394 2600 461 2661 prae
485 2600 515 2639 se
536 2580 619 2640 ferat.
644 2582 753 2640 Nonne
776 2578 928 2639 miraberis
950 2578 1069 2660 qualern
1094 2578 1248 2650 Ariadnes,

183 2672 352 2733 discedente
367 2674 424 2732 iarn
437 2672 568 2749 These0,
583 2688 735 2756 stuporem
750 2673 799 2733 hic
814 2673 1012 2753 descripserit,
1030 2673 1070 2745 X,
1089 2691 1106 2749 9
1123 2673 1211 2752 sqq.?

358 2794 492 2849 Incertum
506 2794 626 2866 vigilam,
641 2811 656 2846 a
670 2810 767 2847 somno
781 2792 919 2865 languida,
933 2794 1005 2846 movi

359 2878 464 2944 Thesea
476 2895 615 2949 prensuras
627 2878 790 2950 semisupina
805 2895 901 2931 manus
914 2896 919 2930 :

357 2962 455 3017 Nullus
464 2975 520 3017 erat
536 2982 542 3016 :
559 2962 696 3035 referoque
711 2980 807 3016 manus
819 2964 971 3033 iterumque
984 2973 1100 3026 retento,

360 3048 461 3119 Perque
476 3061 565 3102 torum
580 3064 677 3101 moveo
690 3047 810 3100 bracchia
827 3067 833 3101 a
851 3046 940 3100 nullus
952 3059 1016 3099 erat.

359 3132 502 3187 Excussere
514 3145 599 3187 metus
614 3148 742 3186 somnum
759 3151 765 3184 :
780 3133 925 3186 conterrita
936 3148 1026 3202 surgo,

359 3216 533 3289 Membraque
546 3230 609 3271 sunt
621 3214 701 3270 viduo
715 3216 881 3289 praecipitata
896 3229 965 3270 toro.

225 3340 311 3399 Haud
326 3341 381 3399 rari
395 3340 472 3421 apud
491 3341 636 3402 Ovidium
651 3340 709 3401 loci
722 3342 909 3422 reperiuntur
923 3341 953 3399 in
968 3338 1075 3420 quibus
1086 3335 1245 3396 subtilitate

186 3432 273 3493 simul
299 3447 327 3493 et
356 3432 498 3515 pondere,
528 3436 706 3515 proprietate
729 3448 758 3494 et
792 3436 822 3493 vi
852 3431 1012 3493 verborum
1042 3430 1255 3509 descriptiones

186 3526 343 3587 movendis
358 3528 533 3587 concitatius
547 3527 700 3587 affectibus
716 3528 841 3587 idoneae
857 3528 986 3587 eniteant
1000 3547 1007 3585 t
1020 3545 1057 3585 en
1067 3521 1254 3605 proficiscen·

184 3619 222 3678 tis
236 3619 368 3680 Helenae
381 3622 505 3700 pictura,
523 3621 606 3694 VIII,
623 3636 656 3697 75
673 3641 679 3679 :

310 3740 361 3792 Vix
373 3740 498 3811 equidem
514 3741 637 3805 memini,
653 3742 764 3794 memini
780 3752 886 3806 tamen,
902 3740 993 3794 omnia
1007 3738 1102 3803 luctus,

311 3823 414 3878 Omnia
429 3824 532 3878 solliciti
546 3825 623 3896 plena
637 3826 740 3878 timoris
750 3838 833 3879 erant.

218 3988 238 4021 1.
257 3973 295 4021 CI.
310 3975 332 4035 J.
347 3975 368 4035 J.
383 3976 514 4031 Rousseau,
529 3976 600 4023 Nouo.
613 3976 675 4032 Hit,
688 3977 730 4031 IV,
748 3991 788 4037 17;
805 3977 887 4022 Victor
900 3976 981 4037 Ilugo,
994 3976 1116 4038 OlympIo,
1130 3970 1213 4032 Rayons
1227 3973 1248 4015 el

187 4050 287 4107 omnes,
304 4065 345 4114 343
359 4051 501 4108 tamarim,
512 4051 531 4098 te
543 4051 596 4108 Luc,
610 4051 685 4099 Prem.
698 4052 763 4109 naid„
778 4053 826 4109 III;
839 4051 870 4100 A.
881 4053 909 4098 de
921 4053 1021 4109 Musset,
1033 4049 1146 4099 solat-mir.
