3159 5017
762 476 900 535 ...8-

301 604 412 682 rentur,
436 621 500 669 tres·
517 619 630 669 tantum
654 602 854 689 superessent.¹
873 609 1011 668 Attamen
1031 605 1126 668 dubia
1147 602 1242 668 videri
1255 599 1370 690 'potest'

299 701 388 763 huius
407 700 466 761 loci
482 700 694 782 interpretatio
715 702 784 763 Non
801 702 882 761 enim
902 700 971 761 inde
985 714 1065 781 patet
1083 702 1214 783 quinque
1232 703 1361 783 primum

298 795 368 855 Am.
385 792 477 854 libros
486 794 634 875 vulgatos,
647 794 754 855 deinde
767 795 803 854 ad
810 795 900 855 trium
915 814 1073 854 numerum
1086 794 1220 855 redactos
1230 796 1372 857 edltione

299 908 376 949 nova
390 906 454 947 esse
463 910 471 964 ;
487 887 537 948 sed
551 887 673 949 fortasse
687 887 853 969 significare
867 889 948 947 Naso
967 887 1064 954 voluit
1082 907 1114 948 se
1132 888 1213 969 prius
1233 890 1362 950 carmina

296 982 326 1041 in
342 982 474 1063 quinque
492 979 584 1041 libros
604 981 759 1063 collegisse
780 995 810 1042 et
826 1001 918 1063 penes
936 1000 967 1041 se
983 976 1134 1056 habuisse,
1152 980 1260 1043 deinde
1276 995 1371 1057 vero,.'

295 1088 453 1157 antequam
467 1075 635 1149 ederentur,
654 1074 793 1135 maluisse
806 1071 936 1136 recidere
957 1093 1033 1157 quae
1048 1094 1264 1157 supervacanea
1276 1075 1362 1135 vide-

296 1180 407 1243 rentur,
429 1181 457 1229 et
473 1166 561 1229 rebus
579 1170 713 1229 coartatis
731 1182 789 1229 tres
812 1181 928 1229 tantum
947 1167 1040 1228 libros
1061 1188 1246 1250 expromere.
1271 1169 1362 1232 Nulla

297 1274 374 1323 certe
396 1281 481 1321 causa
503 1275 626 1342 apparet
647 1282 700 1322 cur
717 1261 870 1343 duplicem
890 1261 1054 1322 editionem
1075 1262 1232 1344 protulerit
1255 1259 1369 1345 poeta}

297 1354 404 1438 quibus
425 1356 505 1416 enim
526 1355 665 1415 videntur
686 1354 730 1415 bis
752 1356 897 1438 prodiisse
912 1356 983 1415 Am.
1008 1354 1087 1427 libri,
1107 1374 1146 1416 ne
1165 1357 1221 1437 ipsi
1240 1356 1364 1441 quidem*

297 1461 419 1509 censent
444 1448 473 1508 id
501 1447 537 1509 ab
565 1449 677 1511 Ouidio
703 1448 812 1509 lactum
836 1462 870 1509 ut
892 1446 1072 1509 carminibus
1095 1448 1229 1531 pluribus
1256 1443 1361 1511 deletis

297 1541 591 1623 meliorareponeret
608 1557 629 1618 1,
650 1542 701 1617 sed
717 1556 869 1603 uteorum
883 1562 1042 1603 numerum
1061 1544 1217 1604 minueret.
1240 1545 1274 1604 In
1289 1555 1370 1625 ope-i

297 1635 376 1697 ribus
385 1654 473 1717 porro
484 1635 734 1696 recensendrsalra
745 1649 806 1696 erat
815 1649 951 1696 veterum
961 1650 1179 1697 acnostratrum
1190 1638 1280 1713 ratio;
1292 1652 1372 1698 narn?

298 1728 341 1789 illi
361 1742 432 1789 tunc
454 1728 553 1791 solum
573 1728 747 1790 emendasse
769 1730 879 1811 scripta
904 1748 956 1789 sua
977 1729 1126 1804 videntur,
1150 1750 1218 1791 curn
1241 1730 1291 1793 illa
1311 1744 1362 1792 aut

296 1822 418 1882 diversis
432 1810 627 1903 temporibus,
646 1823 720 1884 sicut
735 1822 909 1887 comoediae
924 1837 953 1883 et
967 1822 1172 1904 tragoediae,
1164 1844 1195 1885 ιιι
1207 1822 1361 1905 publicum

296 1916 510 1992 emitterentur,
529 1928 590 1991 aut,
611 1916 686 1976 sicut
704 1915 861 2006 Apollonii
880 1917 1095 1997 Argonautica,
1119 1917 1251 1998 explosa
1264 1919 1361 1999 priqre

296 2002 468 2091 recensione
489 2023 599 2070 essent.
620 2011 775 2099 Nusquam
795 2029 867 2069 vero
888 2008 1033 2069 indicium
1058 2010 1169 2070 eminet
1189 2010 1362 2072 huiusmodi

296 2096 396 2163 causis
405 2102 565 2163 adductum
579 2104 732 2163 Nasonem
748 2122 812 2164 esse
829 2116 862 2163 ut
879 2103 1008 2163 carmina
1026 2102 1198 2164 emendaret
1214 2117 1243 2165 et
1261 2095 1372 2165 denuo¹

296 2195 445 2293 vulgaret;
467 2195 578 2277 alioqui
601 2216 664 2257 rem
694 2198 757 2277 ipse
786 2196 881 2265 lusius
906 2196 1074 2256 indicasset
1104 2196 1162 2257 Vix
1187 2188 1276 2261 etiam
1297 2186 1373 2258 fieri'

296 2283 395 2371 potuit
407 2289 440 2350 ἰιι
449 2288 565 2349 nullum
580 2284 695 2371 planius
705 2290 795 2350 huius
805 2289 847 2350 rel
858 2290 1063 2350 testimonium
1073 2289 1178 2351 nobis'
1171 2292 1360 2375 innotuisset,

297 2383 321 2443 si
340 2404 408 2443 vere
432 2382 540 2481 duplex
559 2383 649 2444 editio
672 2384 839 2444 exstitisset.
860 2382 986 2444 Nam
963 2404 987 2443 ει
1009 2381 1101 2444 libros
1122 2384 1254 2467 quinque
1274 2398 1370 2469 poeta·

296 2474 427 2571 primurn
441 2472 550 2552 emisit,
566 2476 644 2537 haud
661 2476 785 2538 dubium
799 2477 916 2537 videtur
919 2478 1016 2559 ,quin
1029 2477 1131 2537 multis
1145 2478 1371 2566 exemplaribus·

297 2562 340 2631 illi
350 2563 463 2652 vulgati
475 2570 593 2632 fuerint.
611 2570 806 2643 Quomodo'
790 2572 889 2677 'igitur
906 2570 1036 2631 accidere
1049 2572 1146 2678 potuit
1160 2585 1194 2632 ut
1213 2592 1366 2662 nusquam„

297 2664 327 2723 i'n
352 2650 508 2734 codicibus
524 2664 683 2747 vestigium
707 2664 812 2746 prioris
836 2664 974 2725 editionis
996 2683 1034 2724 ne
1055 2665 1214 2735 minimum
1239 2657 1360 2747 quidem

298 2762 428 2823 inueniat
417 2764 483 2822 tur?
498 2762 593 2838 Quid,
610 2762 690 2844 quod
705 2762 782 2844 apud
795 2775 909 2829 veteres
925 2763 1132 2843 grammaticos
1144 2761 1262 2823 nullum
1281 2762 1361 2824 illius

299 2848 499 2937 fragmentum
513 2873 547 2925 ac
565 2875 602 2915 ne
619 2857 805 2916 mentionem
824 2856 946 2939 quidem
962 2857 1112 2937 reperias?
1130 2855 1311 2937 Diligentem
1330 2858 1369 2917 in·

300 2948 491 3009 emendandis
509 2949 578 3009 Am.
598 2946 686 3016 ‚libris
710 2968 809 3011 curam
834 2948 937 3010 saltem
962 2962 1224 3009 commemorasset
1250 2952 1371 3012 Seneca·

299 3056 348 3103 aut
367 3032 580 3115 Quintilianus,
604 3042 655 3123 qui
675 3041 775 3102 fusum
795 3041 898 3103 Ovidii
915 3042 1061 3123 impetum
1079 3054 1108 3103 et
1125 3043 1247 3102 nimiam
1262 3043 1370 3104 indul-'

295 3136 426 3219 gentiam
445 3135 561 3216 saepius
580 3135 814 3216 reprehendunt.
843 3138 922 3196 Nam
943 3155 1047 3196 eorum
1071 3135 1256 3217 temporibus
1280 3138 1361 3218 prior

294 3229 396 3305 editi0,
425 3227 573 3311 siquidem
600 3228 767 3303 exstitisset,
799 3249 860 3290 non
890 3231 930 3290 ita
955 3230 1123 3289 evanuisset
1144 3242 1178 3289 ιιι
1206 3229 1296 3290 huius
1323 3250 1361 3291 ne

295 3322 438 3382 memoria
460 3321 580 3404 quidem
600 3336 796 3407 permaneret.
821 3324 958 3406 Denique
980 3342 1042 3383 non
1068 3311 1178 3383 is'erat
1200 3323 1281 3383 Naso
1308 3326 1361 3405 qui

295 3436 371 3497 opus
391 3416 449 3475 iam
468 3414 631 3496 perfectum
649 3429 677 3475 et
698 3416 853 3498 vulgatum
871 3417 1033 3477 accuratius
1052 3429 1230 3492 retractaret,
1250 3417 1360 3500 quippe

296 3510 405 3592 quine
422 3510 587 3569 amicorum
614 3510 736 3591 quidem
755 3510 987 3592 reprehensione
1007 3509 1091 3571 facile
1111 3510 1305 3574 adduceretur
1329 3526 1363 3574 ut

296 3604 425 3686 carmina
438 3602 486 3663 vel
500 3602 604 3664 leviter
621 3603 791 3673 emendaret
800 3597 817 3679 ς]
831 3624 892 3665 non
913 3605 994 3664 enim
1015 3604 1046 3662 in
1063 3603 1263 3665 discernendis
1281 3605 1361 3666 vitiis

295 3696 355 3757 suis
369 3697 439 3757 huic
454 3695 553 3758 deerat
571 3696 725 3773 iudicium,
740 3695 791 3759 sed
810 3695 962 3773 voluntas,
978 3696 1055 3759 sicut
1067 3690 1161 3781 liquet
1176 3718 1211 3759 ex
1230 3689 1366 3760 Senecae

326 3926 348 3959 ι.
366 3911 468 3959 Causam
480 3926 522 3959 cur
529 3912 624 3959 alteram
633 3912 760 3960 editionem
769 3914 883 3977 paraverit
892 3912 1004 3973 Ovidius,
1015 3913 1106 3962 nullam
1118 3906 1250 3973 aliam-'nisi
1261 3912 1361 3961 sormam

297 3989 417 4047 carminis,
429 3987 513 4037 fatetur
522 3988 593 4037 luisse
605 3989 653 4051 Jos.
665 3988 775 4050 Heuwes,
787 3998 822 4055 op.
834 3990 885 4049 cit„
898 4004 922 4055 p.
935 4004 971 4052 ao·
1002 4026 1004 4030 .
1019 4044 1022 4047 ⁴
1037 4028 1042 4042 .
1060 4021 1062 4024 -
1098 4025 1101 4030 -
1116 4007 1121 4046 j
