3159 5017
745 789 881 851 CAPUT
901 790 943 851 III

392 1007 430 1049 DE
451 1008 547 1051 OVIDII
570 1007 707 1068 INGENIO,
730 1008 832 1059 QUALE
852 1009 884 1052 IN
906 1009 974 1054 ΗΕΒ.
998 1008 1147 1053 EPISTULIS
1174 1010 1295 1054 Etucur.

352 1270 450 1342 Quale
474 1283 678 1353 quantumque
704 1270 734 1331 in
762 1271 809 1331 his
832 1273 904 1333 Her.
933 1270 1068 1352 epistulis
1093 1272 1198 1333 Ovidii
1223 1272 1377 1355 ingenium

310 1378 447 1447 appareat
461 1384 541 1425 nunc
554 1364 635 1425 iuvat
648 1365 809 1446 disputare,
831 1365 899 1448 quia
919 1366 949 1425 in
970 1366 1017 1425 his
1036 1378 1122 1447 poeta
1142 1365 1275 1427 indolem
1294 1386 1376 1428 suam

312 1458 421 1540 prodit.
441 1459 478 1518 Et
498 1471 605 1519 utrem
620 1458 756 1540 protinus
771 1457 932 1539 aggrediar,
955 1459 1055 1520 nescio
1070 1479 1106 1520 an
1126 1472 1188 1520 tota
1200 1460 1248 1520 via
1262 1480 1376 1521 errave-
1422 1484 1425 1488 ·

312 1554 349 1613 rit
369 1552 461 1627 Naso,
479 1572 548 1612 cum
562 1552 598 1611 ad
611 1551 675 1612 illas
692 1550 861 1612 scribendas
876 1572 906 1612 se
921 1552 1098 1628 accinxerit;
1115 1572 1284 1635 quanquam
1296 1555 1377 1615 enim

311 1645 370 1705 hoc
385 1662 461 1726 opus
475 1644 524 1705 ille
539 1665 569 1705 se
585 1665 709 1706 novasse
723 1644 867 1727 gloriatus
879 1659 934 1721 est,
948 1644 1105 1707 definitum
1118 1659 1147 1707 et
1159 1646 1229 1707 felix
1241 1666 1304 1708 esse
1318 1648 1378 1708 hoc

313 1737 542 1820 compositionis
558 1758 651 1820 genus
663 1739 743 1799 haud
757 1737 843 1799 facile
859 1739 1035 1820 putaverim.
1053 1741 1279 1822 Nonnunquam
1296 1740 1377 1800 enirn

312 1830 348 1892 ab
370 1844 490 1892 auctore
516 1852 654 1914 quaeram
681 1850 741 1913 quo
768 1845 856 1913 pacto
882 1833 1008 1913 scriptae
1032 1832 1144 1894 litterae
1170 1834 1206 1893 ad
1234 1834 1378 1893 amasium

312 1938 504 2007 perventurae
522 1926 581 1985 sint
599 1938 650 1985 aut
668 1927 757 1986 etiam
776 1924 863 1986 scribi
878 1926 1047 2007 potuerint3
1067 1947 1136 1986 nam
1154 1946 1190 1986 ex
1201 1926 1248 1985 his
1260 1925 1378 1987 leminis

312 2017 456 2101 quaedam
479 2019 575 2078 ventis
594 2016 681 2079 verba
705 2020 892 2079 committere
912 2018 1050 2079 videntur
1071 2032 1100 2080 et
1122 2019 1232 2081 litteras
1258 2019 1379 2080 concin-

313 2132 393 2186 nare,
410 2109 517 2195 quibus
538 2131 593 2171 nec
615 2110 775 2172 destinatus
790 2111 887 2188 locus,
904 2131 965 2194 quo
979 2112 1121 2188 ferantur,
1143 2132 1198 2173 nec
1211 2112 1378 2173 tabellarius

312 2205 433 2287 quidam
446 2218 564 2286 praesto
577 2218 643 2282 est;
663 2204 757 2287 qualis
773 2204 923 2287 Penelope
943 2205 1101 2287 epistulam
1118 2206 1199 2266 Ulixi
1216 2225 1269 2288 per
1288 2206 1380 2267 maria

313 2299 419 2359 erranti
438 2296 537 2358 scribit
558 2310 587 2358 et
602 2298 651 2358 vix
666 2312 739 2359 noto
754 2298 877 2380 hospiti,
896 2310 930 2359 ut
946 2298 1070 2380 opinor,
1088 2298 1248 2380 gerendam
1268 2299 1377 2375 credit3

314 2391 448 2452 Leander
465 2391 495 2451 in
512 2389 599 2452 litore
618 2404 675 2452 stat
695 2390 754 2451 iam
774 2391 877 2452 multis
891 2412 908 2452 a
922 2390 1026 2452 diebus
1039 2394 1143 2453 anxius
1160 2407 1189 2454 et
1208 2406 1380 2473 exspectans

314 2484 396 2559 dum,
413 2484 526 2566 placata
543 2484 731 2567 Hellesponti
746 2484 837 2560 rabie,
853 2485 974 2546 traicere
991 2484 1099 2546 fretum
1120 2485 1249 2547 natando
1264 2487 1377 2568 possit3

313 2597 484 2661 quanquam
495 2598 567 2638 vero
582 2598 682 2639 amore
696 2576 801 2639 ardens
819 2579 934 2639 iuvenis
945 2598 1049 2645 saevae
1064 2578 1211 2662 procellae
1220 2600 1284 2640 sese
1296 2600 1378 2641 com·

315 2672 430 2732 mittere
447 2691 509 2731 non
530 2671 629 2745 audet,
648 2691 743 2732 unum
760 2671 909 2754 quendam
928 2672 1042 2733 invenit
1059 2674 1111 2755 qui
1129 2672 1249 2739 tabellas
1264 2671 1379 2754 puellae

314 2764 425 2825 reddat.
453 2765 511 2824 Vix
531 2763 586 2825 ulli
602 2776 702 2825 tamen
726 2765 854 2847 ineptius
874 2765 1084 2827 condicionem
1104 2765 1250 2827 scribendi
1269 2765 1381 2827 affinxit

315 2859 395 2918 Naso
413 2878 502 2939 quam
520 2857 666 2919 Ariadnae
683 2882 698 2915 n
717 2878 793 2940 quae
809 2859 886 2918 Naxi
908 2879 943 2919 ex
959 2880 1067 2920 somno
1083 2860 1295 2941 expergefacta,
1310 2880 1379 2920 cum

316 2949 480 3032 fugientem
492 2964 571 3011 trans
581 2971 661 3012 mare
670 2950 822 3013 Theseum
832 2953 1046 3033 conspexisset,
1065 2954 1163 3014 statim
1174 2954 1204 3013 in
1217 2952 1288 3034 ipsis
1303 2952 1380 3012 Naxi

318 3043 439 3105 desertis
454 3044 588 3105 consedit
602 3059 630 3106 et
647 3046 721 3106 adeo
739 3045 853 3106 haerens
866 3046 975 3129 scopulo
989 3068 1069 3129 quem
1083 3066 1155 3128 uaga
1177 3045 1272 3129 pulsat
1288 3064 1378 3128 aqua,

315 3139 355 3214 X,
375 3138 441 3216 136,
458 3151 554 3199 exarat
566 3138 719 3200 codicillos
733 3150 903 3200 transmare
916 3141 1047 3201 Athenas
1063 3140 1265 3222 perferendos.
1284 3141 1336 3200 Est
1349 3140 1379 3198 in

312 3230 368 3291 hac
384 3230 477 3313 elegia
497 3230 548 3291 ubi
570 3232 695 3312 tragicae
715 3251 821 3292 scenae
845 3232 1051 3315 soliloquium,
1075 3247 1118 3294 est
1142 3231 1193 3293 ubi
1218 3232 1380 3293 suasoriam

313 3323 448 3385 dilectam
464 3337 561 3385 texere
573 3338 661 3406 poeta
674 3325 820 3400 videatur,
836 3324 887 3385 ubi
901 3325 1071 3408 epistulam,
1087 3346 1233 3408 nusquam
1245 3326 1306 3386 fere
1322 3340 1345 3386 ¹.
1363 3350 1379 3383 r>

313 3418 420 3477 Parum
438 3418 528 3499 igitur
540 3416 715 3479 verisimiles
736 3418 791 3478 hae
805 3418 923 3496 ‚litterae
941 3419 1090 3493 videntur,
1110 3418 1185 3479 sicut
1202 3418 1331 3501 plurima
1350 3420 1380 3479 in

312 3510 466 3572 rhetorum
495 3510 604 3571 scholis
641 3512 708 3572 trita
732 3513 878 3588 themata;
908 3512 1015 3573 sterilis
1044 3533 1164 3595 quoque
1197 3526 1228 3573 et
1259 3511 1380 3574 tandem

315 3605 464 3667 decantata
486 3606 607 3665 materia
633 3618 711 3681 erat3
739 3626 808 3666 nam
832 3626 901 3667 cum
930 3620 1140 3688 argumentum
1170 3619 1267 3667 totum
1294 3626 1380 3667 exre

313 3701 454 3761 amatoria
470 3699 650 3760 sumendum
669 3713 757 3775 esset,
779 3699 905 3761 arduum
917 3719 1038 3781 prorsus
1056 3712 1085 3761 et
1102 3698 1285 3782 periculosae
1301 3689 1381 3774 aleae

313 3795 466 3877 inceptum
486 3792 541 3855 fuit
561 3792 741 3855 feminarum
767 3813 874 3875 agmen
895 3792 997 3855 induci
1018 3792 1054 3855 ad
1077 3789 1212 3855 absentes
1235 3807 1380 3855 amatores

333 3934 367 4013 ¹1.
385 3965 414 4014 C.
427 3965 542 4031 Diltheyi,
556 3966 646 4015 Observ.
662 3966 686 4014 r'n
697 3974 740 4030 ep„
754 3973 787 4029 op.
802 3947 852 4025 cit„
866 3981 891 4031 p.
907 3977 929 4028 5.
