3159 5017
753 522 912 583 ..36-

300 654 458 739 positionis
472 654 640 731 artificium,
655 674 689 716 ea
702 668 769 715 sunt
782 654 927 715 orationis
942 653 1065 731 lumina,
1079 668 1112 715 ut
1128 655 1184 715 hae
1197 654 1290 737 ipsae,
1305 675 1367 716 non

301 752 401 812 minus
421 770 510 832 quam
531 764 655 825 ceterae,
673 748 775 810 Ovidii
795 750 917 830 ingenio
937 748 1060 829 dignum
1085 748 1196 831 aliquid
1218 768 1252 809 ac
1271 749 1367 810 simile

301 846 410 926 spirare
422 844 586 905 videantur.
604 846 637 904 ln
653 843 777 903 Leandri
788 856 817 903 et
830 845 939 917 Herus,
955 843 1073 903 Acontii
1084 855 1112 902 et
1127 843 1279 925 Cydippes
1293 842 1367 903 litte·

301 939 340 998 ris
351 938 510 998 haeserunt
520 938 599 998 docti
607 936 726 1018 quidam
738 936 805 1011 viri,
820 936 901 1019 quod
914 937 944 995 in
953 936 1001 995 bis
1011 937 1103 996 rarior
1113 950 1190 997 esset
1200 936 1366 997 fabularum

300 1051 389 1107 usus;
403 1029 487 1092 facile
500 1045 600 1092 tamen
613 1050 647 1090 ea
659 1028 818 1090 difficultas
830 1030 994 1111 expeditur,
1014 1031 1038 1089 si
1051 1050 1247 1111 personarum
1261 1031 1367 1091 barum

302 1126 448 1185 rationem
462 1126 642 1197 retinemus;
662 1143 737 1205 quae
755 1136 833 1183 certe
847 1135 908 1183 tam
926 1122 1002 1182 clara
1015 1124 1120 1204 patria,
1135 1144 1224 1205 quam
1239 1125 1320 1184 Paris
1338 1138 1367 1185 et

303 1218 428 1293 Helena,
452 1232 501 1279 aut
527 1219 617 1293 Dido,
643 1216 774 1277 Phaedra
800 1231 972 1299 ceteraeque
990 1216 1119 1277 feminae
1140 1237 1202 1276 non
1224 1217 1367 1278 oriundae

301 1326 395 1388 erant,
414 1331 511 1393 neque
529 1310 660 1371 nobilem
680 1312 828 1370 maiorum
846 1310 1054 1370 condicionem
1066 1322 1095 1371 et
1107 1323 1168 1371 tam
1186 1309 1297 1391 inclyta
1310 1311 1367 1371 fata

302 1406 495 1487 divinumque
524 1424 618 1487 genus
642 1406 748 1464 iactare
772 1418 921 1485 poterant,
947 1424 1043 1486 neque
1065 1404 1146 1485 ipsae
1169 1406 1260 1465 vitam
1284 1404 1368 1465 sactis

302 1498 462 1559 illustribus
486 1498 670 1580 splendidam
696 1512 725 1558 et
753 1518 770 1557 a
795 1498 892 1578 poetis
920 1495 1095 1558 celebratam
1121 1498 1297 1558 habueruut.
1326 1500 1369 1559 lta

302 1607 422 1675 apparet
436 1592 528 1653 solam
544 1592 682 1651 materiae
701 1590 883 1651 sterilitatem
896 1590 1027 1651 effecisse
1042 1604 1075 1651 ut
1088 1592 1279 1652 ostentandae
1293 1593 1367 1652 anti·

302 1687 420 1768 quitatis
436 1686 600 1767 cognitioni
618 1686 827 1766 opportunitas
846 1684 971 1745 deesset.
988 1686 1142 1745 Praeterea
1160 1684 1231 1746 illud
1248 1705 1368 1767 quoque

302 1780 457 1861 impedivit
470 1799 507 1839 ne
520 1792 660 1860 quattuor
672 1791 840 1860 postremae
853 1779 999 1839 Heroides
1011 1778 1106 1838 doctis
1117 1778 1175 1838 illis
1187 1791 1368 1839 vetustarum

302 1893 400 1933 rerum
420 1871 582 1933 luminibus
604 1870 725 1932 uberius
748 1872 997 1953 dispergerentur,
1016 1873 1108 1953 quod,
1131 1887 1253 1954 propter
1272 1873 1367 1954 ipsam

302 1967 406 2026 harum
430 1966 593 2027 litterarum
622 1966 779 2041 rationem,
811 1963 860 2025 illa
892 1979 1066 2026 ornamenta
1095 1966 1249 2047 dispertire
1280 1980 1368 2047 poeta

302 2059 473 2139 cogebatur,
495 2072 527 2119 ut
543 2079 606 2118 non
624 2059 653 2117 in
671 2058 769 2139 priore
783 2057 909 2139 epistula
921 2058 1144 2119 absumerentur
1156 2073 1186 2118 et
1199 2060 1230 2117 in
1247 2078 1368 2140 respon·

302 2154 385 2213 sione
398 2172 518 2234 quoque
533 2153 696 2226 eniterent;
713 2165 844 2211 ceterum
856 2152 887 2211 in
899 2152 957 2228 his,
974 2167 1118 2233 quantum
1133 2166 1258 2233 poterat,
1273 2152 1369 2213 elucet

301 2247 481 2328 antiquitatis
497 2247 642 2306 doctrina.

342 2343 522 2422 Quanquam
549 2339 706 2400 doctorum
734 2339 845 2400 iudicio
870 2360 932 2400 non
956 2341 1085 2421 ingenue
1110 2354 1138 2399 et
1160 2354 1271 2400 temere
1294 2339 1368 2400 fides

301 2434 475 2516 praestanda
495 2447 550 2509 est,
571 2453 608 2492 ne
629 2434 659 2492 in
679 2433 808 2493 diversas
831 2447 927 2515 partes
944 2434 1034 2493 miser
1054 2433 1245 2509 abstraharis3
1267 2432 1319 2493 sed
1339 2448 1369 2495 et

301 2528 422 2610 propria
432 2527 604 2609 prudentia,
621 2525 698 2587 lecto
709 2525 822 2601 libello,
841 2527 990 2587 interdum
1001 2526 1089 2586 refert
1101 2526 1214 2608 aliquid
1226 2527 1366 2587 iudicare.

301 2623 378 2682 Nam
393 2641 454 2681 non
469 2621 729 2702 grammaticorum
741 2620 839 2680 solum
855 2620 963 2680 cohors
975 2619 1088 2700 proelia
1100 2621 1136 2680 de
1146 2620 1368 2701 quaestionibus

301 2716 383 2775 hisce
396 2715 519 2775 miscere
535 2712 620 2788 solet,
636 2713 686 2772 sed
701 2726 730 2773 et
743 2713 822 2773 idem
837 2714 882 2772 vir
892 2712 1051 2794 aliquando
1064 2714 1156 2773 variat
1168 2727 1197 2773 et
1212 2713 1368 2774 desultoris

302 2810 332 2868 in
354 2809 478 2868 modum
498 2827 550 2888 per
569 2807 728 2866 contrarias
745 2807 823 2865 acies
843 2805 957 2881 volitat,
972 2806 1046 2867 adeo
1065 2821 1097 2866 ut
1110 2821 1195 2888 putes
1210 2806 1366 2869 consilium

302 2903 461 2982 unicuique
488 2913 602 2960 tantum
633 2919 696 2959 esse
728 2913 877 2980 receptam
905 2901 1082 2960 sententiam
1116 2900 1293 2961 dilacerandi
1319 2915 1369 2961 aut

302 2993 404 3055 saltem
417 2994 522 3054 leviter
536 2993 711 3054 immutandi
725 3008 753 3052 et
766 3013 880 3053 novum
892 2992 1001 3075 aliquid
1013 2992 1194 3075 proferendi.
1208 2995 1279 3054 Inde
1289 2994 1323 3055 fit
1336 3009 1369 3055 ut

302 3090 378 3149 inter
388 3108 418 3147 se
429 3088 578 3147 decertent
587 3086 752 3167 gravissimi
763 3088 829 3162 viri,
843 3087 1012 3147 Lachmann
1021 3107 1089 3148 cum
1099 3088 1232 3162 L0ersi0,
1243 3087 1370 3147 Mueller

302 3202 370 3242 cum
392 3181 595 3255 Lachmann0,
620 3178 787 3261 Diltheyius
810 3200 878 3240 cum
900 3178 1063 3255 Merkeli03
1090 3181 1194 3241 accidit
1223 3182 1311 3241 etiam
1337 3195 1369 3241 ut

301 3276 379 3336 idem
398 3275 606 3355 grammaticus
625 3274 787 3354 pugnantia
808 3293 909 3334 secum
931 3274 1062 3334 vicissim
1085 3288 1249 3356 expromat.
1270 3273 1369 3335 Refert

301 3370 350 3429 hic
362 3368 552 3428 eruditissimi
565 3367 619 3426 viri
633 3367 774 3427 iudicium
787 3367 824 3427 de
835 3366 946 3427 ultimis
958 3369 1029 3426 Her.
1045 3367 1185 3448 Epistulis
1199 3387 1367 3449 apponere;

302 3483 371 3522 nam
384 3481 470 3542 saepe
490 3460 622 3521 laudatus
640 3459 808 3541 Diltheyius
827 3484 834 3521 :
856 3485 872 3517 a
887 3464 1057 3521 Mutuarum
1075 3460 1268 3542 epistularum
1282 3463 1369 3522 XVl·

301 3557 384 3629 XXI,
402 3555 508 3636 inquit‚
525 3552 605 3613 nulla
618 3553 653 3613 ab
669 3553 779 3614 Ovidio
793 3568 837 3614 est
850 3556 1025 3635 composita.
1044 3556 1182 3614 Attamen
1196 3575 1258 3614 non
1271 3555 1368 3615 solum

302 3648 457 3730 diligenter
470 3668 499 3707 se
512 3648 672 3707 insinuavit
682 3648 712 3706 in
724 3648 826 3708 Ovidii
835 3647 994 3708 lectionem
1009 3661 1096 3729 atque
1109 3663 1201 3709 artem
1216 3650 1368 3730 utriusque

302 3741 443 3823 epistulae
466 3753 578 3816 auctor,
603 3741 654 3800 sed
676 3761 712 3800 ne
735 3755 834 3822 potest
853 3742 973 3822 quidem
995 3743 1050 3800 nisi
1072 3742 1206 3822 proxime
1225 3741 1262 3801 ab
1280 3743 1369 3802 huius

302 3849 394 3895 aetate
410 3834 516 3894 afuisse
521 3880 581 3895 .....
601 3834 688 3893 Certe
706 3854 771 3893 eam
784 3835 967 3895 Lachmanni
985 3849 1014 3895 et
1028 3833 1163 3894 Merkelii
1178 3837 1367 3911 sententiam,

302 3930 352 4011 qui
364 3927 436 3988 tales
450 3947 552 3987 versus
566 3947 602 3986 ex
614 3926 677 3987 ltali
692 3929 793 3988 nescio
806 3929 889 3987 cuius
902 3927 1023 3988 officina
1037 3929 1180 4010 prodiisse
1194 3942 1308 4009 putant,
1320 3929 1367 3990 vel

303 4041 360 4082 una
376 4020 547 4082 Maximiani
565 4020 688 4081 imitatio
711 4021 846 4083 nondum
861 4021 1064 4082 animadversa
1079 4021 1275 4098 convelleret,
1290 4021 1366 4105 eleg.
