3159 5017
326 641 362 703 ad
376 638 559 723 probandam
577 656 660 697 suam
679 637 857 697 sententiam
881 650 997 699 tantum
1013 638 1114 700 Iocum
1132 638 1241 701 iactant
1263 641 1332 701 Am.
1352 641 1391 713 II,

329 736 375 809 18,
391 753 450 797 21:

485 878 540 932 Aut
551 876 626 949 quod
638 875 786 948 Penelopes
800 877 887 931 verbis
897 877 1022 933 reddatur
1035 877 1108 933 Ulixi

485 958 640 1024 Scribimus,
658 970 702 1012 aut
715 956 848 1024 lacrimas,
859 958 948 1030 Phylli
962 959 1059 1024 relicta,
1071 972 1147 1027 tuas;

487 1042 569 1107 Quod
584 1042 656 1097 Paris
667 1055 694 1097 et
707 1042 844 1097 Macareus
855 1044 964 1115 ecquod
977 1043 1047 1099 male
1059 1057 1149 1117 gratus
1159 1045 1237 1099 Iason

487 1128 676 1199 Hippolytique
690 1143 794 1198 parens,
810 1128 1024 1200 Hippolytusque
1034 1129 1143 1201 legant3

486 1212 620 1283 Quodque
634 1224 727 1265 tenens
741 1212 861 1267 strictum
874 1213 945 1267 Dido
959 1214 1114 1269 miserabIIIs
1128 1230 1221 1269 ensem

488 1296 564 1351 DIcat
576 1308 602 1351 et
617 1296 727 1351 Aeoliae
741 1297 831 1351 Lesbis
841 1309 930 1353 amata
942 1297 1024 1369 lyrae.

486 1412 522 1421 -
536 1381 626 1445 Quam
642 1382 695 1436 cito
705 1381 738 1435 de
748 1394 807 1436 toto
821 1382 899 1437 rediit
910 1399 987 1437 meus
1000 1383 1065 1438 orbe
1078 1381 1201 1447 Sabinus,

487 1466 640 1539 Scriptaque
652 1466 762 1521 diuersis
780 1466 879 1522 rettulit
893 1466 939 1521 ille
952 1468 1033 1522 Iocis!

487 1550 608 1605 Candida
623 1550 754 1623 Penelope
766 1553 875 1625 signum
886 1554 1012 1624 cognovit
1024 1552 1128 1619 Ulixis,

487 1636 563 1708 Legit
578 1636 611 1691 ab
622 1634 769 1708 Hippolyto
783 1638 878 1708 scripta
894 1654 1006 1692 noverca
1019 1653 1083 1703 suo;

485 1721 542 1775 Iam
556 1721 615 1792 pius
624 1721 728 1775 Aeneas
743 1722 854 1775 miserae
865 1722 997 1793 rescripsit
1009 1722 1122 1790 Elissae3

487 1805 623 1877 Quodque
634 1805 704 1878 legat
718 1806 829 1879 Phyllis,
844 1807 865 1860 si
879 1806 962 1861 modo
974 1807 1047 1872 vluit,
1063 1807 1156 1871 habet;

487 1890 582 1944 Tristis
596 1890 628 1944 ad
643 1890 809 1963 Hypsipylen
823 1892 856 1945 ab
870 1892 963 1946 Iasone
979 1892 1065 1946 littera
1078 1893 1167 1957 venit3

491 1974 543 2030 Det
556 1987 648 2029 votam
663 1975 774 2029 Phoebo
788 1975 880 2029 Lesbis
889 1989 978 2029 amata
988 1976 1083 2048 lyram.

370 2127 524 2197 Quoniam
539 2127 569 2186 in
588 2127 646 2187 hoc
663 2125 731 2188 Ioco
748 2127 875 2188 Ovidius
892 2128 997 2208 prioris
1014 2140 1129 2188 tantum
1145 2126 1236 2208 partis
1254 2124 1397 2206 epistulas

330 2222 586 2295 commemoravit,
606 2241 678 2301 quas
698 2220 825 2282 feminae
844 2220 1025 2281 amatoribus
1049 2221 1190 2293 scribunt,
1211 2233 1241 2279 et
1260 2219 1397 2300 protinus

329 2314 461 2373 virorum
476 2315 598 2373 nomine
615 2315 826 2395 responsiones
845 2336 861 2374 a
880 2313 990 2376 Sabino
1010 2316 1201 2375 concinnatas
1222 2331 1286 2373 esse
1305 2311 1395 2385 addit,

330 2407 398 2467 inde
420 2406 461 2467 illi
484 2421 595 2467 temere
620 2407 765 2489 colligunt
786 2428 838 2469 sex
861 2429 922 2482 eas,
945 2407 1054 2491 quibus
1079 2409 1186 2469 heroes
1214 2404 1343 2467 scribant
1369 2420 1398 2465 et

329 2499 457 2560 feminae
490 2500 700 2582 respondeant,
730 2501 766 2562 ab
794 2502 906 2563 Ouidio
935 2524 997 2562 non
1025 2522 1089 2562 esse
1115 2500 1305 2582 compositas.
1334 2500 1397 2559 Nec

330 2592 509 2653 modestiore
534 2608 563 2653 et
583 2594 843 2675 circumspectiore
864 2596 973 2656 iudicio
996 2596 1263 2676 pronuntiaverunt
1282 2592 1325 2652 illi
1347 2594 1397 2673 qui

329 2698 388 2746 tres
407 2685 504 2748 solum
526 2687 676 2769 epistulas,
695 2690 790 2762 XVII,
813 2691 895 2762 XIX,
916 2691 999 2762 XXI,
1020 2688 1090 2748 huic
1108 2688 1307 2761 detraxerunt,
1330 2706 1397 2746 cum

330 2794 539 2861 argumentum
556 2779 634 2841 aliud
652 2801 712 2840 non
730 2781 864 2855 afferant,
891 2783 946 2842 nisi
964 2781 1000 2841 ad
1024 2780 1165 2862 quasdam
1184 2779 1290 2861 prioris
1309 2780 1398 2859 partis

330 2871 475 2935 Heroides
490 2894 506 2933 a
521 2872 631 2934 Sabino
645 2894 786 2955 responsa
803 2874 938 2957 vulgata,
959 2889 988 2935 et
1005 2874 1074 2935 inde
1093 2872 1273 2933 concludant
1293 2872 1398 2931 harum

330 2965 496 3047 puellarum
514 2987 633 3050 quoque
642 2966 751 3028 litteras
764 2968 800 3027 ab
812 2969 918 3029 eodem
933 2969 1115 3049 conscriptas
1130 2986 1204 3026 esse.
1219 2967 1257 3025 At
1269 2984 1304 3025 ea
1314 2985 1398 3045 pror·

330 3081 379 3120 sus
395 3059 534 3121 audacior
546 3074 590 3120 est
604 3063 779 3123 asseveratio
789 3082 886 3145 neque
897 3063 1048 3144 proposita
1061 3059 1221 3122 conclusio·
1231 3079 1266 3118 ex
1280 3059 1398 3121 ratioci-

331 3155 450 3215 natione
478 3155 625 3229 exoritur3
662 3175 730 3215 nam
764 3158 787 3215 si
821 3154 994 3216 huiusmodi
1029 3168 1237 3236 argumentum
1273 3152 1397 3225 valeret,

331 3248 438 3307 eodem
451 3248 514 3308 iure
528 3247 696 3309 abiudIcare
716 3249 829 3310 Ovidio
845 3262 968 3330 possent
983 3268 1032 3308 eas
1049 3268 1155 3309 omnes
1172 3267 1297 3329 quarum
1315 3266 1399 3307 men-

331 3342 444 3401 tionem
462 3341 509 3402 hIc
521 3362 582 3402 non
595 3342 704 3403 fecerit.

372 3434 472 3504 Quam
489 3449 588 3496 autem
606 3456 699 3495 vanae
718 3436 811 3497 videri
833 3449 960 3517 possunt
980 3436 1109 3516 argutiae
1130 3455 1236 3495 eorum
1249 3434 1311 3514 qul,
1330 3453 1398 3493 cum

331 3543 556 3600 memorassem,
571 3543 603 3589 ut
616 3531 786 3591 Lachmann
799 3529 879 3598 fecit,
899 3531 928 3589 in
946 3532 1043 3590 Herus
1061 3527 1188 3610 epistula
1205 3547 1311 3587 vocem
1327 3525 1400 3587 nihil

332 3643 387 3703 pro
408 3624 580 3704 pyrrhichio
603 3624 730 3705 positam
748 3638 770 3698 ¹,
793 3623 958 3684 exclamant
983 3624 1043 3684 hoc
1070 3621 1107 3682 ab
1128 3622 1230 3683 Ovidii
1258 3641 1312 3680 usu
1335 3638 1399 3680 esse

332 3715 473 3789 alienum,
489 3718 599 3798 quippe
614 3718 664 3798 qui
684 3736 803 3798 semper
819 3717 956 3778 ultimam
974 3718 1063 3777 huius
1079 3715 1162 3776 verbi
1177 3713 1319 3796 syllabam
1332 3733 1398 3794 pro-

334 3810 457 3883 duxerit,
480 3811 606 3892 ideoque
624 3812 753 3892 spuriam
773 3811 942 3872 habendam
961 3830 1024 3871 esse
1050 3824 1144 3871 totam
1165 3807 1344 3891 epistulam?
1361 3808 1400 3866 At

369 4026 390 4060 1.
407 4010 471 4067 XIX,
488 4024 540 4075 170.
