3159 5017
755 530 915 591 ..92-

306 644 457 707 Amatoria
478 647 607 707 carmina
624 645 722 729 legere
737 660 766 707 et
786 666 921 723 exarare3
942 660 971 708 et
989 660 1103 707 tantum
1121 646 1224 709 Ovidii
1239 646 1369 709 studium

306 753 367 800 erat
382 753 414 801 ut
431 741 582 801 mirandus
601 741 721 823 quidam
741 741 906 801 monachus
924 760 976 801 xv.
996 762 1033 816 s.‚
1052 754 1209 823 postquam
1228 741 1369 802 Remedia

305 836 341 895 A.
363 835 602 915 transcripsisset,
623 835 697 895 haec
715 835 857 895 candidus
878 835 1021 895 addiderit
1040 834 1113 913 (ms.
1135 838 1223 911 8217.
1247 836 1319 895 Not.
1340 848 1370 896 et

306 930 372 990 Ext.
395 938 437 1011 op.
459 927 520 1003 cit,
543 929 655 1003 XXIX,
676 949 707 1010 p.
729 928 827 1009 24o):
848 952 864 985 «
884 928 1012 1010 Explicit
1026 928 1154 990 Ovidius
1173 929 1210 988 de
1224 928 1369 989 Remedio

305 1022 356 1095 A,
370 1040 460 1102 quem
477 1041 533 1103 ego
552 1021 640 1081 frater
658 1021 835 1083 bertrandus
853 1022 989 1093 Ginesse‚
1005 1022 1117 1083 ordinis
1129 1021 1252 1082 fratrum
1272 1023 1369 1081 mino·

307 1135 372 1176 rum
393 1128 558 1176 conventus
578 1116 788 1190 Rhutenensis,
808 1116 910 1197 scripsi
930 1117 961 1175 in
979 1114 1081 1197 vigilia
1097 1115 1313 1197 conceptionis
1334 1118 1367 1177 B.

307 1208 428 1269 Mariae.
447 1210 547 1291 lncepi
563 1210 683 1291 quidem
702 1210 801 1291 ipsum
820 1208 947 1270 scribere
965 1209 1039 1269 hora
1058 1210 1160 1291 quinta
1181 1209 1217 1269 de
1237 1228 1324 1270 mane
1341 1222 1371 1270 et

306 1300 390 1362 finivi
401 1303 504 1363 eadem
522 1303 568 1363 die
586 1303 660 1363 hora
675 1304 832 1364 undecima
847 1317 914 1365 ante
926 1304 1055 1363 mediam
1073 1316 1204 1378 noctem,
1219 1323 1267 1363 an.
1286 1303 1368 1363 dom.

310 1398 423 1471 1467...
443 1396 490 1458 Ad
506 1396 623 1458 laudem
642 1412 671 1457 et
687 1396 813 1479 gloriam
831 1399 868 1457 V.
887 1399 929 1458 M.
947 1399 1054 1457 Amen.
1076 1421 1091 1453 s
1113 1397 1217 1459 Ovidii
1235 1397 1326 1479 igitur
1342 1410 1371 1457 et

308 1491 436 1550 carmina
456 1492 596 1551 amatoria
614 1504 642 1551 et
661 1492 807 1552 Heroides
822 1511 883 1551 non
902 1492 1012 1551 mirum
1031 1504 1075 1552 est
1094 1490 1237 1551 lectitasse
1253 1490 1371 1551 turbam

304 1582 390 1643 illam
409 1597 575 1659 cantorum,
596 1586 647 1666 qui
669 1584 867 1646 Provinciales
885 1584 1023 1645 dicuntur
1040 1597 1128 1665 atque
1148 1599 1247 1645 vetere
1269 1584 1372 1665 lingua

309 1676 421 1741 Gallica
436 1677 547 1761 aliquid
564 1677 724 1739 recitabant
739 1692 788 1739 aut
805 1676 981 1739 scribebant.
1003 1677 1073 1738 ldeo
1086 1679 1167 1739 viros
1180 1678 1228 1739 vel
1245 1677 1372 1738 feminas
1428 1669 1429 1672 ¹

310 1772 360 1853 qui
386 1772 417 1831 in
444 1772 585 1852 Epistulis
609 1772 710 1833 locum
738 1771 874 1833 obtinent
900 1785 1174 1833 commemorarunt
1200 1774 1276 1832 inter
1298 1771 1373 1832 alios

311 1864 468 1925 Guiraldus
495 1865 530 1926 de
554 1866 754 1942 Galansone¹,
781 1869 894 1927 Auctor
923 1864 1049 1926 Fabulae
1074 1884 1150 1946 quae
1173 1866 1279 1926 dicitur
1306 1865 1355 1926 Fla

310 1972 445 2033 menca²‚
468 1960 653 2021 Christianus
672 1961 708 2020 de
725 1960 827 2021 Trecis
848 1961 879 2019 in
905 1962 979 2021 Erec
998 1975 1089 2036 7551,
1112 1961 1224 2019 Auctor
1247 1958 1372 2020 Fabulae

309 2072 384 2134 quae
400 2053 506 2115 dicitur
527 2054 634 2115 Rosas.
656 2054 735 2115 Tum
753 2055 832 2135 apud
857 2053 1052 2115 Germanicos
1070 2053 1174 2113 eadem
1192 2073 1286 2135 prope
1298 2066 1372 2113 tem·

309 2160 421 2226 pestate
435 2147 573 2207 heroides
588 2148 618 2208 in
633 2148 749 2207 honore
763 2146 854 2207 fuisse
866 2159 990 2220 constat,
1007 2146 1150 2226 quoniam
1162 2145 1279 2206 illarum
1290 2145 1359 2227 puel

310 2238 404 2299 larum
427 2241 548 2300 nomina
573 2239 672 2301 referri
704 2260 720 2299 a
751 2240 891 2301 Conrado
915 2240 946 2299 in
970 2235 1178 2320 Troianerkrieg
1202 2242 1270 2316 787,
1301 2253 1371 2316 795,

310 2352 420 2408 22141,
437 2346 466 2393 et
484 2334 605 2415 passim,
622 2347 651 2394 et
669 2332 705 2394 ab
720 2333 783 2393 aliis
799 2334 884 2393 docet
899 2335 935 2393 Κ.
953 2330 1085 2404 Rartsch,
1103 2340 1146 2412 op.
1165 2331 1225 2406 cit„
1241 2352 1272 2413 p.
1289 2334 1373 2392 XlX·

310 2428 390 2502 LlV3
407 2446 443 2487 ex
460 2428 544 2487 cuius
563 2426 818 2510 disquisitionibus
832 2427 928 2489 elucet
942 2449 1048 2491 omnes
1060 2429 1222 2491 Ovidianas
1234 2426 1375 2486 heroinas

310 2535 425 2602 praeter
437 2521 558 2603 Sappho
572 2541 624 2602 per
638 2522 770 2582 medium
783 2542 890 2582 aevum
904 2522 1081 2585 innotuisse.

353 2616 415 2675 lam
436 2635 498 2689 eos,
513 2615 563 2697 qui
586 2614 642 2674 illis
663 2614 848 2696 temporibus
863 2615 965 2676 litteris
979 2617 1076 2678 latinis
1097 2615 1203 2677 imbuti
1216 2627 1326 2688 essent,
1345 2626 1374 2673 et

310 2722 406 2768 cetera
420 2708 549 2769 Nasonis
565 2710 695 2769 carmina
709 2723 738 2769 et
753 2709 901 2791 Epistulas
916 2710 1043 2770 coluisse
1062 2709 1231 2772 testimonia
1247 2708 1372 2782 adsunt3

311 2822 379 2862 nam
394 2803 566 2863 Vincentius
579 2802 796 2863 bellovacensis
809 2801 863 2883 (cf.
881 2801 958 2863 Hist.
971 2802 1039 2879 titt,
1056 2804 1165 2877 XVlll,
1180 2823 1210 2884 p.
1224 2800 1373 2881 449·5r9)

311 2896 341 2955 in
370 2895 519 2978 Speculum
555 2894 703 2971 historiale,
741 2899 770 2971 6,
810 2898 950 2972 rod-122,
984 2895 1113 2958 tabulam
1155 2895 1374 2958 Ovidianorum

311 2991 489 3072 scriptorum
504 2990 580 3049 hanc
596 2988 709 3070 profert
725 3011 731 3049 :
751 3014 766 3045 «
783 2992 828 3049 De
844 2989 956 3050 Ovidio
969 3004 1056 3071 poeta
1068 3002 1097 3049 et
1110 2989 1224 3069 scriptis
1238 2989 1311 3048 eius.
1329 2989 1373 3047 Eo

311 3097 446 3165 tempore
460 3083 569 3165 legitur
582 3082 711 3144 Ovidius
725 3085 805 3144 Naso
818 3083 965 3155 floruisse,
977 3084 1028 3166 qui
1037 3083 1151 3163 scripsit
1161 3082 1272 3142 multos
1282 3080 1374 3141 libros

311 3179 460 3247 metricos,
478 3198 513 3237 ex
532 3177 639 3258 quibus
661 3191 729 3237 sunt
748 3177 783 3236 de
803 3179 887 3237 Nuce
906 3176 1022 3237 libellus
1039 3197 1127 3252 unus,
1146 3176 1329 3237 invectiones
1342 3175 1372 3235 in

310 3271 385 3341 lbin,
410 3272 496 3351 epist.
522 3269 574 3331 lib.
599 3273 610 3331 l
633 3272 696 3330 sine
711 3270 797 3330 titulo
817 3269 1005 3351 (Heroides),
1027 3269 1094 3330 libri
1117 3289 1130 3347 3
1149 3268 1316 3349 (Amores),
1337 3268 1373 3328 de

308 3367 378 3425 Arte
391 3364 518 3425 Amandi
531 3362 582 3424 lib.
602 3384 629 3443 3,
646 3365 767 3424 Metam.
783 3361 834 3424 lib.
852 3382 898 3439 15,
910 3363 946 3423 de
959 3365 1050 3423 Fastis
1064 3361 1116 3424 lib.
1135 3365 1164 3436 6,
1181 3363 1217 3422 de
1228 3360 1373 3423 Tristibus

309 3458 360 3518 lib.
378 3472 405 3535 5,
419 3458 455 3518 de
470 3460 578 3533 Pont0,
594 3456 646 3517 lib.
662 3478 691 3531 4.
710 3460 753 3517 De
769 3458 816 3517 his
827 3456 971 3521 omnibus
985 3477 1078 3538 pauca
1093 3456 1244 3537 eleganter
1255 3456 1331 3515 dicta
1345 3468 1374 3514 et

308 3572 342 3612 ea
365 3552 522 3633 praecipue
543 3572 618 3632 quae
641 3548 764 3610 moralia
783 3550 921 3610 videntur
944 3569 1101 3631 excerpere
1123 3564 1151 3610 et
1178 3549 1225 3609 his
1246 3550 1374 3609 inserere

341 3810 362 3840 1.
381 3793 419 3842 Cf.
438 3794 469 3843 K.
487 3793 589 3849 Bartsch,
606 3793 740 3841 Denlmdler
756 3793 795 3839 der
806 3793 996 3850 Provenroliscben
1013 3792 1148 3847 Litteralur,
1167 3791 1289 3853 stuttgart,
1304 3788 1373 3851 1856,

311 3886 333 3932 p.
347 3870 386 3933 98,
400 3884 427 3933 17
441 3880 463 3916 et
475 3871 570 3932 passim.
581 3868 618 3916 Cf.
632 3868 738 3917 Albrecbi
749 3884 790 3915 ton
802 3870 832 3915 A.
844 3885 867 3931 p.
882 3868 934 3914 XX.

342 3960 364 3993 2.
384 3944 421 3992 Cf.
433 3946 582 4008 Raynouard‚
596 3946 691 4007 Lexiqne
700 3960 785 4001 roman,
795 3945 814 4000 1,
825 3960 840 4007 9
852 3956 875 3991 et
891 3960 927 3992 10.

344 4036 365 4082 3.
383 4022 411 4068 ln
422 4022 518 4067 oratione
530 4025 642 4067 matronae
651 4021 802 4082 adpraedam
814 4020 849 4067 Io.
863 4021 892 4067 de
902 4021 1001 4082 Meung,
1016 4017 1091 4079 13316
1103 4034 1155 4082 sqq.
