3159 5017
172 634 282 694 Ovidio
302 632 503 693 demonstrare
524 647 648 694 conatus
668 648 711 694 est
728 645 748 694 ¹.
772 634 968 694 Gravissimae
988 632 1057 692 huic
1069 633 1147 692 visae
1168 647 1235 694 sunt

172 727 409 787 ratiocinationes
425 728 506 786 Birtii
520 726 578 810 (op.
593 726 654 796 cil,
670 748 700 809 p.
724 730 778 805 389
794 726 866 809 sq),
885 728 947 809 qui,
962 740 1021 786 arte
1034 729 1155 787 metrica
1170 726 1233 787 dili·

171 835 274 902 genter
288 839 420 894 excussa,
440 820 580 901 epistulas
596 822 672 881 inter
687 841 716 880 se
731 822 922 902 comparavit,
938 834 967 881 et
980 834 1162 902 quantopere
1179 821 1234 881 hae

172 916 244 975 duae
266 935 282 973 a
300 915 404 974 ceteris
430 915 597 996 discrepent
611 915 808 995 comprobare
827 934 980 996 aggressus
999 928 1052 975 est.
1078 914 1136 976 Sed
1152 916 1234 976 Birtii

171 1006 476 1068 animadversionibus
493 1022 638 1090 repugnat
655 1010 740 1070 Riese
755 1022 766 1049 2
780 1022 809 1068 et
822 1010 931 1068 evincit
950 1006 1028 1068 illius
1041 1007 1147 1068 tabulis
1160 1008 1234 1068 nihil

172 1101 352 1176 confirmari,
367 1102 436 1182 quia
449 1101 656 1161 similitudines
672 1103 747 1161 inter
760 1104 873 1183 priores
888 1116 917 1163 et
930 1102 1110 1183 posteriores
1125 1103 1234 1183 epistu-

172 1196 212 1255 las
225 1194 298 1255 tales
313 1196 442 1255 eniteant
461 1208 493 1254 ut
508 1196 687 1256 Ouidianum
705 1196 851 1277 originem
868 1195 1005 1277 prodant.
1028 1196 1112 1255 Hanc
1127 1215 1235 1276 cogna-

171 1290 284 1349 tionem
300 1291 376 1348 inter
394 1307 441 1369 ep.
462 1290 531 1349 XVI
554 1302 584 1348 et
600 1291 683 1349 XVll
704 1303 857 1370 ceteraque
879 1301 984 1370 poetae
1002 1290 1109 1369 scripta
1125 1303 1236 1348 exstare

171 1382 276 1443 fatetur
289 1381 396 1462 Bilger‚
414 1374 464 1441 sed
482 1382 555 1441 nihil
571 1382 626 1442 hac
640 1402 675 1441 er
688 1403 717 1441 re
731 1382 869 1442 concludi
886 1370 974 1463 posse
990 1394 1106 1457 censet3
1125 1396 1237 1443 namet

172 1476 209 1549 ei,
225 1476 275 1559 qui
292 1476 393 1536 Ovidii
413 1476 544 1534 carmina
562 1476 668 1535 imitari
686 1474 785 1549 vellet,
808 1478 923 1557 saepius
943 1495 976 1535 ea
997 1488 1080 1535 erant
1098 1475 1234 1557 legenda,

172 1570 210 1628 ita
222 1582 254 1628 ut
268 1587 387 1628 necesse
398 1583 474 1629 esset
485 1588 553 1628 eum
564 1568 710 1649 permulta
721 1571 864 1630 memoria
881 1571 1017 1645 retinere,
1029 1583 1058 1628 et
1071 1570 1126 1628 nisi
1139 1583 1236 1629 essent

172 1662 389 1735 similitudines,
404 1661 545 1742 epistulae
561 1662 625 1721 illae
641 1683 794 1744 nunquam
805 1663 952 1743 genuinae
967 1677 1083 1744 putatae
1099 1677 1196 1722 essent
1212 1676 1233 1723 ³.

173 1757 311 1817 Ceterum
321 1754 411 1815 multa
421 1757 520 1836 inepte
531 1756 606 1815 dicta
617 1757 644 1814 ei
654 1756 801 1831 videntur,
814 1771 842 1817 et
852 1757 947 1816 aliena
957 1756 993 1816 ab
1005 1777 1059 1815 usu
1071 1754 1233 1830 Ovidiano‚

171 1862 199 1909 et
215 1868 302 1908 sensu
320 1850 458 1923 carentia,
478 1862 506 1909 et
523 1850 575 1909 arti
593 1851 800 1929 grammaticae
818 1871 851 1909 ac
868 1852 1005 1910 metricae
1026 1852 1231 1932 repugnantia,

172 1942 298 2023 denique
322 1942 391 2001 vitia
416 1943 504 2002 nimis
531 1942 623 2002 multa
649 1962 712 2002 esse
737 1963 827 2025 quam
853 1956 885 2003 ut
906 1942 969 2003 illas
993 1941 1149 2024 epistulas,
1175 1964 1234 2002 una

172 2055 240 2095 cum
253 2054 301 2116 ep.
317 2036 499 2095 XVIII-XXI
510 2034 545 2095 ab
557 2036 667 2096 Ouidio
678 2038 858 2116 compositas
866 2056 929 2096 esse
942 2036 1096 2096 credamus
1108 2040 1160 2118 (op.
1171 2036 1233 2111 cit,

172 2150 201 2209 p.
222 2128 378 2208 125·127).
398 2130 478 2189 Haec
495 2130 614 2209 propria
633 2131 668 2189 sit
685 2130 773 2189 huius
791 2130 847 2189 viri
867 2131 982 2211 opinio,
1002 2131 1144 2211 quoniam
1163 2132 1235 2191 Ovi-

173 2221 275 2281 dianae
289 2222 424 2295 virtutes,
439 2242 510 2303 quas
523 2224 553 2280 in
566 2223 612 2281 his
622 2222 754 2303 epistulis
766 2225 910 2303 agnoscit,
926 2224 1027 2283 nescio
1039 2224 1085 2283 cui
1097 2225 1235 2283 imitatori

173 2314 299 2375 tribuere
320 2313 441 2376 mavult.
460 2317 523 2396 Ego
543 2336 614 2375 vero
632 2336 771 2397 quaeram
784 2318 849 2397 quis
866 2337 929 2377 esse
941 2319 1072 2398 potuerit
1087 2316 1237 2377 callidissi-

173 2428 238 2468 mus
259 2407 307 2467 ille
330 2407 441 2481 artifex,
463 2422 492 2468 et
513 2428 566 2468 cur
586 2408 635 2468 ille
654 2423 713 2469 tam
738 2408 863 2483 subtilis,
885 2409 1019 2491 elegans,
1039 2408 1142 2469 sollers
1166 2410 1237 2491 lepi-

174 2502 285 2583 dusque
306 2502 520 2561 Pseudovidius
544 2500 659 2562 nullum
685 2504 729 2562 sui
749 2504 907 2583 vestigium
926 2505 957 2562 in
977 2505 1239 2584 grammaticorum

174 2595 392 2655 commentariis
410 2594 569 2676 reliquerit.
590 2596 698 2655 Nonne
718 2595 824 2655 melius
847 2595 1000 2656 difficultas
1022 2597 1057 2656 de
1077 2597 1131 2657 hac
1146 2616 1239 2679 quae·

174 2690 268 2750 stione
284 2688 447 2769 expeditur,
463 2690 486 2748 si
500 2689 639 2769 epistulas
653 2690 809 2750 Ovidianis
825 2689 885 2749 iere
898 2690 1038 2751 omnibus
1052 2692 1129 2751 notis
1143 2692 1237 2772 signa·

174 2796 215 2842 tas
228 2781 263 2841 ab
277 2782 341 2863 ipso
355 2782 467 2841 Ovidio
483 2783 663 2863 compositas
678 2802 741 2841 esse
754 2786 876 2844 censes?

213 2878 246 2935 ln
261 2888 341 2934 tanta
353 2874 478 2955 caligine
488 2888 517 2935 et
528 2877 737 2935 sententiarum
755 2877 932 2951 diversitate,
949 2897 1016 2936 cum
1033 2876 1235 2937 damnatarum

175 2968 338 3027 Heroidum
355 2968 518 3043 materiam,
533 2982 680 3043 tenorem,
695 2969 840 3029 scribendi
857 2984 948 3030 artem
965 2971 1132 3044 considero,
1149 2972 1235 3051 equi-

175 3062 241 3121 dem
267 3081 371 3121 eorum
395 3062 570 3142 opinionem
597 3061 735 3123 libentius
761 3063 934 3144 amplector,
965 3066 1015 3145 qui
1042 3063 1153 3124 leviora
1182 3066 1235 3122 ista

174 3156 274 3213 omnia
289 3174 351 3213 esse
366 3169 539 3235 argumenta
557 3156 771 3230 iudicaverunt,
786 3177 875 3238 quam
892 3170 924 3217 ut
935 3156 1026 3217 ullam
1037 3159 1109 3217 Her.
1123 3158 1235 3215 Nasoni

174 3246 369 3307 detraherent.
385 3248 462 3308 Nam
476 3250 619 3329 cumipse
633 3248 760 3309 Mueller
776 3252 949 3330 pronuntiet
961 3250 1091 3311 bonitate
1107 3264 1156 3310 aut
1169 3271 1236 3331 pra-

175 3342 261 3401 vitate
275 3342 455 3402 incertorum
472 3341 616 3402 librorum
627 3342 750 3403 definire
763 3358 887 3403 aetatem
901 3364 964 3404 esse
980 3358 1109 3425 apertam
1121 3345 1238 3404 temeri·

174 3448 274 3509 tatem,
291 3454 390 3494 nonne
403 3436 478 3495 mira
490 3435 636 3495 videbitur
651 3435 770 3497 illorum
788 3437 890 3498 levitas
905 3439 955 3518 qui
969 3437 1127 3498 audacibus
1140 3437 1239 3497 decre·

175 3528 210 3586 tis
222 3528 274 3587 has
288 3542 337 3588 aut
350 3528 415 3587 illas
430 3530 575 3588 Heroides
594 3532 759 3610 suppositas
773 3534 923 3591 statuunt?
938 3530 1058 3591 Nullam
1075 3532 1155 3590 enim
1173 3532 1241 3589 satis

175 3622 259 3680 certis
280 3623 460 3701 argumentis
482 3622 593 3682 Ovidio
614 3622 773 3683 abiudicari
796 3644 882 3704 posse
905 3624 946 3683 illi
982 3624 1185 3697 ostenderunt,
1211 3637 1240 3683 et

207 3862 228 3895 1.
247 3846 337 3893 Paridis
345 3852 364 3892 el
377 3848 471 3893 Helenae
483 3849 544 3908 epist.
558 3849 628 3894 sintne
641 3850 725 3906 Ouidii,
740 3865 783 3910 134
797 3867 819 3912 p.
834 3850 963 3913 Marpurgi,
979 3852 1046 3899 1888,

207 3938 228 3969 2.
248 3923 349 3969 lahresb.
363 3937 386 3969 v.
401 3924 507 3979 Bursian,
524 3925 590 3986 1877.
606 3941 628 3986 p.
644 3940 669 3973 21
685 3940 735 3987 sqq.

208 4012 228 4057 3.
247 3997 333 4058 Bilger‚
347 4006 380 4060 op.
393 3998 443 4053 cil„
458 4015 480 4061 p.
496 4013 549 4046 122.
