3159 5017
644 545 685 558 -ι
704 530 742 591 43
766 543 804 560 ι-

194 659 281 729 atque
296 645 402 720 iterum
419 646 551 729 queritur
564 660 696 707 eversam
713 664 782 707 sane
797 643 919 707 Troiam
933 659 1008 720 esse,
1024 662 1056 704 se
1065 657 1171 705 'tamen
1194 657 1256 704 non

194 740 293 828 minus
309 740 452 801 desertam
465 752 494 801 et
505 738 637 816 viduam,
651 759 740 822 quam
754 740 778 799 si
791 738 841 799 illa
855 751 953 814 staret,
971 739 983 798 I
986 756 1074 817 ,47;

336 874 388 929 Sed
403 874 470 929 mihi
484 875 548 946 quid
562 874 670 947 prodest
685 874 777 929 vestris
788 873 897 928 disiecta
907 871 1009 928 lacertis
1081 889 1083 892 ·

333 946 398 1013 ilios
413 971 448 1025 et,
462 976 554 1013 murus
569 959 640 1031 quod
654 957 713 1024 fuit,
728 974 784 1013 esse
800 957 898 1022 solum,

334 1044 361 1097 Si
377 1060 483 1111 maneo,
498 1043 583 1115 qualis
598 1042 679 1097 Troia
690 1044 803 1098 durante
815 1042 966 1110 manebam,

332 1127 434 1199 Virque
444 1128 511 1182 mihi
523 1128 631 1199 dempto
643 1127 696 1181 fine
706 1128 834 1182 carendus
846 1127 937 1181 abest?

308 1280 310 1284 Δ
334 1211 429 1267 Diruta
442 1225 504 1267 sunt
518 1212 585 1279 aliis,
602 1214 648 1267 uni
664 1213 731 1267 mihi
746 1213 877 1285 Pergama
891 1222 1001 1278 restant,

334 1298 425 1353 Incola
438 1300 543 1371 captivo
557 1315 625 1371 quae
637 1298 705 1352 bove
718 1300 802 1353 victor
813 1311 878 1352 arat.

332 1383 389 1439 lam
401 1400 475 1457 seges
490 1396 538 1450 est,
554 1384 599 1438 ubi
609 1381 691 1437 Troia
710 1382 776 1449 fuit3
790 1382 982 1453 resecandaque
996 1380 1063 1437 falce

327 1468 458 1523 Luxuriat
472 1470 591 1542 Phrygio
610 1469 739 1541 sanguine
754 1468 859 1540 pinguis
870 1467 978 1521 humus.

334 1552 510 1625 Semisepulta
526 1555 614 1607 virum
626 1553 712 1607 curvis
727 1552 858 1607 feriuntur
871 1552 962 1607 aratris

333 1636 416 1705 Ossa;
430 1640 550 1693 ruinosas
569 1638 666 1693 occulit
680 1638 761 1693 herba
776 1638 882 1694 domos,

247 1790 250 1797 ,
332 1722 425 1777 Victor
435 1719 496 1779 abes
500 1764 651 1781 .............

230 1849 328 1930 Atque
341 1848 389 1909 hic
399 1848 693 1911 animadvertendum
702 1862 745 1910 est
756 1868 794 1909 ne
806 1849 836 1908 in
849 1847 907 1909 illis
916 1846 1038 1932 quidem
1051 1845 1136 1917 locis,
1148 1843 1257 1927 quibus

192 1936 318 2003 luxuriet
331 1955 360 2004 et
374 1942 487 2003 diffluat
503 1943 641 2019 Ovidius,
658 1944 686 2003 ei
703 1942 869 2025 elegantem
885 1955 913 2003 et
931 1940 1060 2003 vividam
1074 1938 1177 2000 deesse
1189 1958 1255 1999 ora·

191 2035 304 2096 tionem
319 2050 348 2097 et
357 2038 506 2119 propriam
520 2038 551 2097 in
564 2037 707 2097 narrando
718 2035 921 2109 subtilitatem,
936 2033 1010 2095 adeo
1022 2047 1055 2095 ut
1068 2034 1254 2094 emunctiore

192 2148 263 2190 naso
280 2128 316 2189 ad
333 2130 519 2191 odorandum
541 2129 698 2191 artificium
716 2149 793 2212 opus
817 2130 864 2191 sit.
888 2130 1114 2210 Nonnunquam
1129 2146 1201 2187 vero
1217 2127 1256 2187 ita

192 2224 358 2284 conciditur
376 2226 518 2285 sententia
536 2238 579 2300 ut,
599 2226 662 2285 eius
676 2223 836 2306 particulae
858 2223 1013 2306 quomodo
1027 2222 1180 2283 distinctae
1192 2209 1259 2308 ἱυςῇ

191 2317 260 2393 rint,
280 2306 421 2378 facillime
441 2318 608 2401 perspicias.
635 2317 832 2391 calliditatem
850 2330 955 2397 poetae
975 2314 1108 2398 pluribus
1121 2304 1255 2375 versibus

192 2411 284 2492 Epist,
308 2412 395 2487 lX‚5
403 2426 464 2485 set
484 2414 533 2487 85,
549 2410 793 2493 deprehendes,
786 2432 816 2471 tn
832 2430 889 2493 qua
902 2410 938 2471 ad
954 2408 1114 2473 Herculem
1127 2406 1256 2469 scribens

192 2505 330 2565 Deramra
341 2504 379 2565 de
383 2426 470 2566 illius
487 2504 636 2566 laboribus
656 2524 758 2565 sensus
780 2506 830 2565 vix
849 2505 968 2565 mutatis
989 2502 1086 2564 verbis
1103 2521 1199 2584 usque
1219 2500 1255 2562 ad

191 2597 320 2659 taedium
341 2601 462 2681 repetit3
491 2618 586 2660 unum
607 2599 735 2681 exempli
751 2599 842 2681 gratia
859 2598 961 2659 locum
981 2597 1084 2659 afferre
1106 2596 1254 2689 liceat,1n

192 2712 252 2778 quo
264 2694 361 2753 virum
374 2682 456 2754 lanae
471 2713 563 2791 pensa
578 2693 730 2755 elaborant
718 2706 779 2755 tem
794 2693 936 2775 increpat,
955 2694 998 2751 IX
1003 2709 1116 2769 ‚:·72

332 2841 404 2895 Inter
416 2841 534 2897 Ioniacas
546 2840 680 2896 calathum
695 2841 812 2895 tenuisse
826 2840 958 2913 puellas

195 2974 198 2983 .
287 2941 291 2949 ”
333 2926 443 2993 Diceris,
463 2940 494 2981 et
508 2926 632 2981 dominae
647 2926 815 2998 pertimuisse
828 2926 924 2982 minas.
969 2955 976 2966 ·

332 3010 394 3065 Non
409 3009 488 3083 fugis,
504 3011 607 3077 Alcide,
623 3011 759 3065 victricem
774 3010 848 3065 mille
866 3011 988 3065 laborum

274 3147 276 3150 ,
332 3095 462 3149 Rasilibus
477 3096 586 3150 calathis
597 3096 754 3167 imposuisse
770 3113 900 3163 manum3

334 3179 478 3253 Crassaque
492 3182 602 3237 robusto
614 3181 723 3235 deducis
737 3180 834 3253 pollice
853 3180 897 3236 fila
967 3217 971 3223 -

333 3266 479 3338 Aequaque
490 3266 622 3341 formosae
636 3284 717 3338 pensa
728 3266 852 3338 rependis
864 3266 942 3321 erae?

331 3350 370 3406 Al
387 3352 519 3423 quotiens,
534 3351 622 3423 digitis
632 3352 699 3406 dum
713 3364 821 3424 torques
835 3352 950 3406 stamina
963 3349 1044 3417 duris,

333 3435 501 3491 Praevalidae
515 3434 589 3491 fusos
601 3427 784 3491 comminuere
801 3436 919 3491 manus?

232 3556 330 3619 Viden
340 3570 372 3619 ut
380 3557 492 3620 ratione
501 3559 626 3641 quadam
635 3572 781 3620 resecetur
792 3558 955 3619 sententia?
964 3556 1050 3643 Quae
1059 3575 1128 3617 cum
1136 3558 1256 3641 opposi-

193 3651 230 3711 tis
243 3649 358 3711 duabus
373 3650 547 3714 notionibus
562 3666 720 3727 constaret,
738 3672 786 3713 eas
799 3653 997 3733 minutissime
1011 3666 1100 3736 poeta
1117 3652 1149 3711 in
1162 3652 1256 3712 versi-

193 3743 248 3805 bus
261 3744 384 3821 diduxit,
407 3746 537 3806 vi'cissim
552 3746 628 3807 inter
647 3767 677 3807 se
692 3746 781 3807 verba
798 3745 938 3807 calathum
957 3740 987 3808 et
1005 3767 1136 3821 manum,
1154 3744 1207 3826 fila
1227 3758 1257 3806 et

190 3836 327 3921 pollicem,
349 3838 470 3901 stamina
488 3853 517 3900 et
529 3838 636 3921 digitos,
648 3840 727 3923 susos
742 3854 771 3901 et
789 3849 889 3901 manus
907 3841 1102 3923 opponendo
1119 3840 1256 3901 Eandem

192 3945 285 3993 artem
293 3934 374 3994 Naso
387 3934 417 3993 in
430 3932 629 3995 describendis
644 3933 841 4015 profluentius
849 3932 936 3994 rebus
951 3949 1018 3995 ante
1033 3933 1138 3995 oculos
1151 3933 1256 4015 positis

193 4024 323 4099 adhibet.
340 4027 476 4089 En'Paris
489 4040 595 4105 narrat,
606 4029 690 4105 XVI,
706 4037 761 4105 107
773 4037 854 4111 sqq„
865 4026 1180 4111 quomodo'postillud
1190 4025 1254 4108 pul·
