3159 5017
225 652 319 711 lstum
336 650 434 711 lusum
454 652 570 720 futilem
583 652 763 713 existimabit
775 655 956 737 quicumque
971 654 1082 715 iudicio
1100 676 1161 716 nou
1176 656 1248 717 deli·

186 746 236 805 ciis
262 746 479 805 rhetoricorum
500 747 725 827 praestigiorum
752 748 909 829 depravato
932 748 1115 829 perpendet3
1145 770 1250 810 verum

185 838 324 898 insulsior
351 840 438 899 etiam
462 840 516 898 iste
546 840 630 899 iocus
653 840 780 907 videtur.
806 860 875 901 cum
896 842 1099 922 agnominatio
1124 842 1249 903 vocibus

187 932 264 992 idem
280 932 339 991 lere
352 931 525 992 sonantibus
539 947 664 1007 constat,
682 947 713 994 ut
722 932 812 994 verba
825 933 974 996 simillima
986 934 1022 994 ad
1034 955 1080 994 res
1092 936 1249 997 dissimiles

189 1026 469 1099 accommodentur;
483 1026 578 1107 qualia
592 1027 663 1087 haec
676 1041 744 1087 sunt
763 1051 769 1089 :

400 1162 463 1217 Non
473 1162 561 1215 honor
575 1173 622 1225 est,
640 1161 775 1217 sedunus.

718 1248 765 1313 lll,
783 1264 826 1317 3¹·

402 1330 456 1393 Qui
471 1332 507 1385 sic
519 1331 643 1398 intrabas,
657 1332 753 1402 hospes
766 1350 800 1386 an
814 1333 899 1387 hostis
908 1334 983 1387 eras?

927 1417 1014 1483 XVII,
1032 1433 1072 1473 12.

231 1540 440 1601 Pravissimum
451 1554 550 1601 tamen
565 1560 691 1601 acumen
708 1538 780 1601 illud
795 1542 981 1616 iudicaveris,
999 1562 1060 1623 quo
1080 1542 1116 1603 ad
1139 1562 1250 1603 nornen

190 1635 342 1716 proprium
355 1633 473 1695 inficete
484 1633 588 1695 alludit
602 1633 740 1705 Ovidius,
759 1636 840 1709 XXl,
856 1654 910 1694 211
929 1656 936 1694 ε

402 1767 515 1823 Mirabar
528 1786 608 1840 quare
620 1768 780 1821 tibi'nomen
795 1768 924 1822 Acontius
935 1781 1002 1822 esset
1018 1787 1024 1821 ε

402 1853 484 1915 Quod
500 1852 576 1912 faciat
589 1845 669 1925 longe
684 1852 791 1917 vulnus,
802 1870 916 1907 acumen
929 1854 1019 1908 habes.

232 1975 520 2059 Hancgarrulitatem
533 1992 562 2037 et
572 1976 709 2038 inanibus
723 1975 855 2037 flosculis
868 1990 970 2036 ornata
982 1991 1032 2037 aut
1045 1978 1146 2059 potius
1158 1978 1251 2059 impe·

192 2069 249 2130 dita
271 2072 399 2130 carmina
419 2090 481 2131 non
503 2090 572 2130 sane
591 2070 800 2152 probaverim3
821 2084 950 2130 attamen
976 2084 1091 2131 tantum
1114 2070 1196 2131 abest
1220 2086 1252 2131 ut

192 2169 363 2229 huiusmodi
381 2188 482 2229 versus
500 2182 620 2251 propter
634 2170 785 2250 pigmenta
801 2169 910 2228 reicere
924 2167 1028 2242 velim,
1047 2188 1153 2229 eorum
1174 2170 1252 2229 viro·

191 2282 256 2322 rum
271 2260 408 2343 exemplo
420 2262 472 2344 qui
480 2281 529 2321 sex
543 2263 720 2343 posteriores
732 2261 871 2343 epistulas
884 2262 1041 2343 praecipue
1050 2262 1163 2343 spurias
1175 2263 1253 2321 eris-

191 2356 331 2415 timarunt
347 2369 367 2429 ¹,
391 2368 539 2416 utcontra
558 2356 694 2415 acumina
712 2354 760 2414 illa
781 2369 810 2415 et
828 2356 1008 2436 argutiarum
1027 2355 1170 2425 studium,
1191 2376 1252 2415 non

191 2448 361 2508 mehercule
376 2468 493 2529 semper
508 2446 698 2523 insalsarum,
714 2448 899 2508 Ovidianum
917 2449 1070 2529 ingenium
1086 2449 1159 2508 mihi
1179 2468 1251 2530 pro-

192 2542 272 2601 dant.
293 2544 405 2602 Verum
428 2541 495 2601 illos
519 2561 628 2602 naevos
647 2561 684 2601 ne
701 2556 787 2623 putes
808 2542 838 2599 in
858 2540 998 2601 omnibus
1023 2540 1157 2601 versibus
1177 2542 1252 2602 adeo

192 2634 353 2695 redundare
368 2648 400 2694 ut
416 2636 465 2694 vix
480 2636 604 2715 egregiis
619 2634 797 2697 carminibus
812 2636 937 2716 supersit
951 2634 1051 2709 locus;
1072 2636 1166 2695 immo
1180 2655 1253 2695 vero

192 2730 215 2787 si
237 2730 373 2789 universe
395 2742 480 2789 etex
501 2730 612 2788 maiore
633 2742 715 2810 parte
733 2726 923 2788 iudicandum
946 2742 1000 2802 est,
1023 2725 1154 2788 maculae
1169 2729 1252 2802 istae,

191 2820 326 2903 plurimis
340 2823 486 2904 variisque
505 2821 661 2882 virtutibus
676 2821 870 2881 obscurantur
886 2835 915 2881 et
929 2820 1084 2894 delentur;
1105 2840 1202 2903 neque
1224 2821 1254 2880 in

191 2914 379 2975 aestimandis
393 2914 495 2975 Ovidii
514 2914 592 2974 vitiis
605 2913 677 2974 illud
691 2912 880 2987 Quintiliani,
897 2914 969 2973 lnst.
989 2926 1064 2973 orat.
1079 2914 1118 2989 X,
1133 2912 1254 2973 oblivis-

192 3009 264 3068 caris
287 3031 294 3069 :
322 3030 337 3065 a
358 3008 485 3067 Ovidius
500 3020 544 3067 est
562 3008 592 3067 in
614 3007 684 3088 ipsis
705 3025 826 3088 quoque
845 3007 924 3065 vitiis
939 3005 1122 3087 ingeniosus.
1143 3008 1252 3067 »Cave

191 3101 347 3181 igiturne,
370 3100 442 3162 dum
465 3102 591 3181 argutias
614 3101 775 3175 insectaris,
796 3098 939 3181 quasdam
967 3098 1071 3159 latinas
1095 3099 1254 3181 elegantias

192 3186 325 3255 damnes.
795 3271 798 3276 Ι

231 3290 320 3349 Nunc
329 3287 622 3349 animadvertendum
637 3300 680 3346 est
692 3287 859 3347 doctrinam
874 3286 956 3347 illam
972 3286 1121 3359 eximiam,
1136 3287 1255 3368 quaein

193 3382 305 3442 Ouidio
335 3381 441 3449 elucet.
469 3382 499 3440 in
524 3381 665 3440 orationis
688 3399 810 3463 quoque
838 3394 941 3439 tenore
965 3399 1116 3460 apparere,
1145 3381 1255 3460 quippe

192 3494 266 3556 quae
279 3486 390 3536 attento
405 3475 505 3535 animo
520 3474 659 3533 iudicanti
677 3472 777 3535 multis
791 3471 993 3533 locutionibus
1008 3487 1037 3532 et
1054 3472 1179 3533 vocibus
1191 3492 1255 3536 ver·

193 3568 332 3651 sibusque
361 3570 460 3643 etiam,
480 3567 607 3627 aliorum
628 3568 804 3649 scriptorum
826 3566 1023 3626 imitationem
1044 3564 1255 3646 prodentibus,

193 3681 323 3743 respersa
342 3661 483 3723 videatur.
509 3661 625 3720 Etenim
640 3661 714 3721 sicut
727 3659 791 3721 illae
808 3659 932 3720 Heroid.
952 3658 1093 3739 epistulae
1112 3660 1142 3717 in
1157 3672 1255 3718 vetus·

192 3756 266 3817 tiore
285 3756 457 3837 antiquitate
478 3774 584 3815 omnes
604 3752 805 3827 versabantur,
820 3772 908 3833 quarn
924 3752 1042 3833 penitus
1064 3752 1160 3811 rimati
1174 3765 1256 3810 erant

192 3847 361 3929 complures
377 3861 492 3929 poetae,
514 3849 553 3908 ita
570 3866 605 3905 ex
620 3847 728 3909 horum
744 3847 859 3927 scriptis
871 3865 933 3903 non
950 3846 1048 3904 minus
1061 3844 1150 3905 verba
1164 3864 1254 3925 quarn

226 4036 246 4070 r.
265 4020 303 4069 cf.
316 4021 374 4067 infra
386 4037 406 4069 c.
420 4022 450 4068 V.

259 4137 323 4180 Pnu.
331 4158 357 4169 -·
376 4135 444 4176 Ovidii
451 4138 497 4191 epist
516 4134 563 4185 Her.
