3159 5017
629 936 761 999 CAPUT
781 938 809 995 V

270 1154 372 1198 UTRUM
395 1155 538 1204 Quaenam
562 1156 631 1197 HER.
655 1154 822 1210 Ettswtrttt,
845 1156 933 1206 QUOD
955 1156 994 1197 AD
1015 1156 1160 1198 Ponticas

366 1260 509 1305 VIRTUTES
531 1262 683 1318 PERTINET,
707 1262 859 1305 GENUINAE
881 1263 919 1305 AN
941 1262 1068 1305 SPURIAE

588 1368 652 1410 ESSE
673 1369 854 1412 VIDEANTUR.

227 1581 272 1639 De
293 1577 478 1661 quarundam
496 1576 695 1657 Epistularum
715 1590 775 1638 arte
794 1597 855 1637 non
874 1578 1064 1638 consentiunt
1085 1576 1163 1638 docti
1184 1578 1250 1651 viri,

188 1685 217 1731 et
228 1672 286 1731 iam
299 1670 348 1731 diu
363 1692 400 1731 an
416 1670 452 1731 ab
465 1670 577 1731 Ouidio
589 1672 774 1752 conscriptae
789 1690 895 1731 omnes
912 1672 969 1730 sint
991 1672 1131 1731 acerrime
1148 1671 1252 1752 dispu-

188 1778 280 1825 tatum
293 1779 355 1841 est,
372 1785 447 1847 quae
462 1764 583 1845 quidem
596 1764 744 1826 difficilior
758 1780 802 1825 est
815 1767 947 1847 quaestio
962 1784 1050 1846 quam
1062 1764 1250 1825 fructuosior.

189 1859 320 1929 Quidam
341 1857 530 1919 eruditissimi
548 1872 683 1919 auctores
698 1878 748 1917 sex
762 1872 937 1939 postremas,
952 1872 1118 1918 amatorum
1131 1857 1251 1931 litteras,

188 1952 427 2034 feminarumque
447 1952 656 2032 responsiones
678 1952 814 2033 indignas
834 1953 893 2012 hoc
914 1965 1002 2033 poeta
1024 1952 1253 2032 pronuntiarunt

189 2059 217 2106 et
228 2059 368 2127 tanquam
386 2046 499 2127 spurias
512 2045 692 2119 abiecerunt,
710 2044 823 2105 Sabino
838 2045 1038 2105 adiudicantes
1054 2060 1077 2105 ¹.
1091 2047 1129 2105 At
1146 2045 1254 2105 eodem

189 2139 305 2200 decimo
324 2140 428 2221 quinto
451 2152 479 2197 et
499 2150 580 2199 sexto
601 2137 718 2198 saeculo
741 2138 903 2199 doctissimi
920 2138 969 2198 alii
986 2139 1041 2197 viri
1059 2152 1118 2198 tres
1138 2152 1252 2198 tanturn

189 2252 302 2308 earum,
312 2234 405 2303 XVII,
417 2232 498 2308 XIX,
508 2233 591 2306 XXI,
602 2232 712 2292 Sabino
721 2231 899 2291 ascribentes
908 2232 1020 2292 Ovidio
1030 2232 1217 2292 detraxerunt
1228 2243 1251 2305 ²3

189 2325 237 2386 alii
250 2326 378 2407 denique
391 2326 463 2386 duas
477 2326 575 2386 solum
587 2339 762 2407 postremas,
778 2339 828 2385 aut
842 2327 930 2386 etiam
943 2346 1033 2386 unam
1048 2328 1104 2386 XV
1118 2326 1253 2407 supposi-

189 2421 287 2480 ticiam
308 2421 509 2480 existimarunt
525 2432 545 2480 ³.
568 2418 791 2480 RecentiorIbus
811 2440 882 2480 vero
902 2419 1087 2500 temporibus
1107 2418 1252 2479 nobilissi-

190 2534 256 2573 mus
277 2514 458 2588 Lachmann,
487 2514 517 2572 in
541 2512 641 2573 libello
667 2513 835 2573 academico
860 2534 908 2573 an.
938 2516 1013 2588 1848
1037 2514 1162 2594 script0,
1185 2526 1253 2573 octo

189 2621 302 2667 tantum
321 2605 471 2688 epistulas,
493 2610 516 2681 I,
536 2608 574 2681 II,
592 2608 643 2677 IV,
667 2609 702 2680 V,
722 2609 773 2680 VI,
790 2609 857 2681 VII,
879 2608 917 2682 X,
938 2608 991 2681 XI,
1007 2607 1120 2667 Ouidio
1132 2605 1251 2679 tribuit,

188 2713 298 2761 ceteras
313 2714 422 2774 autem,
444 2701 526 2781 quasi
545 2699 677 2760 elisionis
696 2701 810 2759 ratione
826 2713 876 2760 aut
892 2699 1085 2781 polysyllabis
1100 2701 1129 2759 in
1148 2713 1249 2781 penta·

189 2794 273 2853 metri
292 2792 352 2853 fine
374 2794 477 2874 positis
498 2792 534 2852 ab
556 2792 707 2853 Ovidiano
727 2813 781 2851 usu
805 2792 1015 2874 discrepantes,
1040 2791 1090 2852 illo
1115 2791 1252 2872 indignas

190 2900 281 2967 putat.
307 2888 345 2947 At
366 2887 557 2946 Lachmanno
579 2885 748 2946 adversatur
768 2905 829 2945 non
854 2887 952 2946 minus
974 2886 1139 2945 eruditione
1160 2884 1254 2945 clarus

191 2980 225 3040 L.
247 2978 373 3040 Mueller
386 2995 410 3055 4,
432 2980 478 3039 cui
498 2978 575 3039 Illius
596 2980 866 3059 argumentationes
885 2998 980 3061 neque
999 2999 1015 3038 a
1032 2978 1171 3039 codicum
1183 2998 1254 3039 con-

191 3092 276 3133 sensu
296 3092 392 3155 neque
412 3073 605 3132 ratiocinandi
621 3071 758 3133 firmitate
776 3086 836 3131 tam
854 3072 992 3132 videntur
1007 3092 1123 3153 graves,
1141 3086 1254 3132 certum

190 3181 222 3227 ut
244 3168 279 3227 sit
303 3167 371 3226 inde
396 3180 424 3226 et
446 3165 595 3227 firmatum
620 3165 759 3247 epistulas
782 3164 919 3247 reliquas,
941 3180 1057 3247 praeter
1081 3164 1144 3225 illas
1172 3179 1253 3239 oct0,

192 3259 273 3321 nullo
298 3274 384 3342 pacto
409 3260 501 3319 videri
524 3279 612 3340 posse
640 3260 760 3340 scriptas
784 3258 821 3318 ab
845 3260 910 3339 ipso
937 3260 1067 3332 Ovidio;
1097 3260 1145 3319 hic
1168 3259 1256 3339 igitur

191 3353 280 3413 edicit
291 3372 396 3413 omnes
411 3352 486 3413 ferre
501 3352 579 3412 illius
592 3373 654 3412 esse
668 3354 752 3413 cuius
764 3353 886 3412 nomine
899 3351 1028 3434 prolatae
1037 3354 1110 3428 sint,
1125 3354 1148 3411 si
1163 3352 1255 3411 modo

191 3448 256 3522 XV,
268 3449 337 3523 XX,
350 3448 432 3522 XXI,
447 3448 584 3527 excipias,
602 3466 673 3528 quas
688 3447 867 3527 argumentis
880 3466 915 3505 ex
924 3446 1060 3505 codicum
1072 3446 1256 3527 inspectione

193 3541 315 3621 sumptis
338 3541 542 3622 suppositicias
562 3554 681 3615 censet,
703 3553 731 3599 et
748 3554 847 3599 tamen
870 3541 968 3601 statuit
989 3538 1099 3599 nullam
1120 3540 1255 3598 omnium

225 3748 246 3781 1.
264 3732 301 3780 CI.
315 3732 448 3779 Domitium
459 3730 621 3787 Calderinum,
633 3732 662 3777 ud
673 3731 740 3787 Her„
751 3731 806 3786 XV,
819 3730 875 3787 126;
887 3731 1037 3792 Scaligerum,
1050 3731 1079 3775 ad
1086 3730 1141 3777 Her.
1151 3730 1256 3785 initium

192 3809 314 3865 Vossium,
328 3809 359 3854 De
367 3809 434 3870 poetis
445 3807 531 3853 latinis.

224 3899 246 3931 2.
265 3884 302 3931 ct.
316 3882 405 3930 Aldum
419 3885 443 3930 in
457 3883 519 3929 calce
532 3881 587 3930 edit.
601 3882 629 3929 T.
643 3884 662 3930 1.

226 3974 246 4020 ς,
265 3958 303 4007 ct.
317 3960 473 4022 Stephanum,
487 3959 565 4005 Diatr.
577 3958 606 4004 ud
617 3958 706 4015 Horat3
719 3958 891 4014 Burmannum,
905 3960 929 4004 in
943 3956 998 4005 edit.
1015 3956 1111 4005 Heroid.

223 4049 246 4095 4.
268 4034 299 4081 De
310 4051 332 4081 re
341 4035 441 4083 metrica.
456 4035 615 4099 prooemium,
628 4049 650 4095 p.
664 4032 695 4092 46
705 4046 757 4097 sqq.
