3159 5017
314 646 470 732 inscriptae
483 649 640 726 Heroides,
655 670 739 732 quas,
756 670 825 711 curn
839 650 912 711 olim
927 652 964 712 Α.
982 650 1092 713 Sabino
1106 649 1317 725 tribuerentur,
1332 646 1379 711 his

315 765 382 805 sane
406 744 591 826 temporibus
610 743 645 804 ad
668 744 819 826 Angelum
837 743 998 820 Sabinum,
1018 758 1138 826 poetam
1163 744 1268 805 Italum
1294 765 1318 803 s.
1338 764 1378 804 xv

314 837 480 898 referendas
495 858 558 897 esse
572 837 667 919 planis
681 838 863 919 argumentis
876 838 1088 899 demonstravit
1104 838 1145 899 O.
1164 839 1235 899 lahn
1251 839 1282 897 in
1296 839 1377 898 Diar.

314 933 406 1014 antiq.
432 930 487 992 litt.
513 952 539 991 a.
569 934 656 1009 1837,
681 951 712 1011 p.
737 933 806 1009 631.
829 931 961 992 Eandem
983 932 1163 993 Ouidianam
1183 932 1378 992 imitationem

315 1026 414 1107 prodit
432 1024 527 1107 elegia
545 1045 622 1106 quae
639 1024 745 1085 dicitur
766 1025 980 1107 Complanctus
999 1025 1146 1086 Phaedrae
1168 1025 1204 1085 de
1224 1024 1380 1107 Hippolyti

314 1139 430 1180 recessu
444 1132 500 1179 eta
516 1122 602 1179 Petro
617 1117 653 1178 de
668 1119 821 1179 Lunesana
835 1138 862 1178 a.
882 1138 957 1193 1414
970 1120 1137 1202 composita
1149 1133 1221 1179 est1.

355 1214 431 1273 Cum
453 1213 667 1294 typographica
690 1232 735 1271 ars
756 1213 786 1271 in
809 1210 906 1273 lucem
930 1211 1098 1294 prodiisset,
1124 1212 1228 1273 Ovidii
1249 1212 1380 1272 carmina

275 1300 278 1305 ¹
314 1308 389 1367 inter
410 1307 506 1387 prima
525 1308 695 1367 latinorum
715 1326 806 1387 opera
823 1319 1025 1381 numerantur,
1048 1326 1122 1387 quae
1143 1306 1220 1387 typis
1242 1305 1379 1365 mandata

314 1413 400 1473 sunt;
426 1418 495 1459 nam
519 1399 611 1459 editio
633 1398 770 1481 princeps
791 1419 930 1480 operum,
953 1402 1065 1461 Romae
1089 1420 1115 1458 a.
1145 1415 1232 1474 1471,
1262 1397 1378 1459 duobus

312 1492 519 1553 voluminibus
533 1494 563 1552 in
580 1492 634 1552 fol.
656 1493 883 1574 comprehensa,
906 1514 942 1553 ex
959 1493 1164 1574 recognitione
1184 1494 1227 1553 Ιο.
1244 1492 1379 1552 Andreae

312 1586 362 1647 Al.
380 1586 498 1667 vulgata
517 1600 571 1661 est,
594 1586 759 1669 eodemque
781 1607 860 1646 anno
881 1587 1078 1647 Bononiensis
1097 1606 1217 1668 quoque
1239 1585 1342 1659 editio,
1362 1606 1379 1645 a

314 1679 470 1741 Francisco
494 1679 657 1740 Puteolano
680 1695 829 1755 accurata,
851 1680 1012 1742 Ovidianas
1038 1684 1110 1742 Her.
1134 1679 1281 1761 Epistulas
1303 1679 1379 1739 inter

313 1788 409 1835 cetera
429 1774 558 1835 carmina
577 1775 733 1855 impressas
750 1774 891 1855 protulit;
912 1774 1052 1855 deinceps
1071 1794 1143 1835 vero
1165 1793 1234 1833 cum
1258 1772 1378 1854 reliquis

312 1867 452 1949 operibus
476 1866 619 1928 collectae
648 1880 698 1927 aut
720 1868 869 1927 seiunctae
894 1867 960 1927 illae
981 1868 1117 1928 meritam
1141 1886 1209 1927 sane
1231 1866 1379 1926 editorum

313 1974 342 2021 et
361 1961 586 2021 emendatorum
604 1980 703 2021 curam
728 1962 758 2020 in
778 1980 810 2020 se
829 1974 1065 2022 converterunt2.
1083 1961 1137 2021 His
1155 1980 1276 2041 operam
1302 1973 1378 2019 stre-

314 2075 403 2116 nuam
425 2068 569 2115 navarunt
590 2054 817 2114 eminentissimi
839 2055 869 2113 in
888 2054 991 2114 litteris
1012 2055 1077 2125 viri,
1098 2054 1177 2128 Aldi,
1200 2054 1376 2134 Naugerius,

312 2147 462 2230 Micyllus,
474 2151 683 2223 Bersmannus,
700 2148 852 2222 Heinsius,
865 2150 1062 2222 Burmannus,
1077 2168 1241 2230 omnesque
1251 2150 1281 2206 in
1295 2167 1377 2228 prae·

311 2240 471 2302 sationibus
485 2242 650 2323 ingenium,
665 2243 851 2315 suavitatem,
868 2241 1000 2303 colorem
1017 2256 1168 2324 artemque
1188 2242 1294 2301 harum
1315 2240 1377 2321 epi·

312 2334 454 2395 stularum
487 2336 722 2418 exquisitissimis
754 2334 851 2395 verbis
879 2335 1083 2395 laudaverunt.
1115 2336 1269 2396 Postremo
1298 2333 1377 2414 apud

312 2430 490 2489 recentiores
505 2428 540 2489 ad
556 2428 744 2489 illustrandos
757 2442 786 2488 et
798 2429 1001 2489 emendandos
1014 2427 1198 2489 difficiliores
1211 2427 1378 2489 Heroidum

312 2522 395 2582 locos
419 2522 583 2604 plurimum
606 2542 703 2604 neque
724 2522 872 2582 incassum
892 2521 1085 2583 laudatissimi
1108 2521 1283 2582 insudarunt
1301 2521 1378 2580 inter

313 2614 415 2675 Gallos
426 2616 526 2691 Amar,
545 2616 621 2675 inter
634 2616 811 2689 Germanos,
831 2615 914 2690 lahn,
932 2617 1033 2686 LoerS,
1047 2614 1171 2688 Merkel,
1192 2615 1376 2696 Sedlmayer,

313 2707 372 2782 alii,
390 2728 518 2791 quorum
534 2728 624 2789 opera
639 2722 668 2768 et
687 2710 907 2769 commentariis
922 2722 1071 2769 resanatus
1088 2710 1213 2769 omnino
1228 2722 1258 2769 et
1269 2729 1376 2790 perpo-

312 2800 382 2860 litus
410 2800 537 2861 Ovidius
567 2800 705 2861 studiosis
731 2801 866 2882 contigit.
891 2804 958 2861 Una
979 2800 1034 2860 fuit
1057 2799 1197 2861 omnibus
1219 2802 1374 2875 sententia,

312 2895 474 2974 eademque
500 2894 657 2953 admiratio
684 2913 773 2974 quarn
800 2893 899 2954 Guido
925 2892 1113 2953 Morillonius
1134 2894 1325 2953 disertissime
1344 2894 1376 2951 in

312 2988 496 3048 dedicatione
513 2987 650 3047 editionis
666 3007 747 3062 suae,
768 2989 855 3063 1516,
873 2986 1020 3047 effundit:
1045 3012 1060 3043 «
1080 2988 1158 3047 Cum
1174 2985 1376 3067 superioribus

311 3078 416 3139 diebus
440 3100 456 3140 a
477 3079 699 3139 dialecticorum
720 3079 884 3139 maeandris
903 3093 1035 3139 mentem
1061 3079 1238 3153 relaxarem,
1261 3098 1376 3138 sacrum

311 3172 384 3233 illud
399 3176 554 3233 Musarum
567 3173 770 3233 deversorium
783 3187 931 3254 repetens,
941 3173 971 3232 in
985 3172 1131 3233 Heroides
1139 3172 1202 3231 illas
1213 3171 1376 3233 Ovidianas

310 3266 385 3327 forte
399 3266 499 3325 incidi.
518 3267 566 3326 Dii
583 3266 665 3340 boni,
682 3286 771 3347 quam
786 3265 942 3347 multiplici
957 3266 1123 3326 eruditione
1140 3266 1270 3339 refertas,
1286 3285 1376 3346 quam

309 3359 498 3441 lepidissimis
513 3358 622 3419 salibus
638 3360 843 3419 concinnatas!
863 3361 963 3420 Omne
978 3358 1046 3419 tulit
1058 3374 1215 3440 punctum,
1231 3373 1263 3419 ut
1278 3360 1376 3440 inquit

309 3453 439 3527 Flaccus,
454 3454 505 3534 qui
518 3454 637 3513 miscuit
650 3452 720 3513 utile
730 3452 819 3512 dulci.
833 3453 925 3523 Quod
938 3452 1058 3533 quidem
1069 3466 1119 3513 aut
1129 3473 1230 3527 nemu,
1245 3464 1373 3532 utputo,

308 3561 358 3607 aut
373 3560 473 3606 noster
484 3547 533 3606 hic
546 3548 626 3607 Naso
635 3559 678 3605 est
691 3559 840 3606 assecutus
858 3570 863 3603 :
882 3546 932 3626 qui
943 3547 982 3605 ita
993 3547 1067 3605 seria
1082 3545 1202 3607 mellitis
1213 3545 1373 3627 figmentis,

309 3638 450 3721 figmenta
476 3640 558 3700 seriis
590 3640 705 3715 miscet,
737 3653 770 3699 ut
797 3640 865 3699 satis
891 3639 1005 3699 nescias
1038 3638 1144 3719 plusne
1173 3639 1305 3700 utilitatis
1325 3653 1376 3698 aut

340 3887 361 3918 1.
380 3873 423 3929 148
433 3886 522 3918 versus.
536 3871 615 3918 Edidit
624 3870 759 3933 Sedlmayer
771 3872 796 3917 in
810 3869 897 3933 Proleg.
909 3871 962 3917 crit.

338 3962 359 3995 2.
377 3947 414 3997 Cf.
442 3947 516 3994 Index
539 3948 595 3996 edit.
621 3947 778 3994 Lemairianae
803 3949 936 4010 appositns3
962 3945 1062 4005 Teuffel,
1082 3956 1115 4010 op.
1143 3948 1202 4005 cit.;
1227 3946 1372 4009 Sedlmayer,

308 4024 396 4087 Prolcg.
409 4024 470 4080 crit„
487 4040 509 4087 p.
525 4039 545 4080 1,
558 4040 583 4070 rr.
599 4039 626 4087 19
637 4039 687 4087 sqq.
