3159 5017
675 514 819 575 *7*

211 631 291 693 niam
314 632 369 693 Ars
392 632 442 693 vix
461 652 487 695 a.
514 631 552 693 U.
580 630 615 693 C.
640 647 697 710 753
726 632 756 693 in
778 630 933 713 publicum
962 630 1089 713 prodiit3
1120 650 1187 691 nam
1211 630 1277 691 fieri

211 738 308 809 potest
326 739 358 787 ut
372 726 404 785 hi
420 745 534 801 versus,
550 724 805 808 quemadmodum
819 725 850 785 in
861 723 917 785 alia
932 724 1062 786 carmina
1072 724 1171 798 multi,
1182 724 1275 786 setius

211 840 227 880 a
248 832 335 902 poeta
359 820 390 880 in
415 820 474 880 hoc
502 838 579 901 opus
610 820 669 880 sint
690 819 801 879 inserti.
825 819 948 880 Constat
968 817 1071 879 saltem
1091 818 1161 879 Am.
1184 816 1275 878 libros

211 932 290 975 anno
319 913 381 973 fere
407 916 446 974 U.
481 913 515 975 C.
548 931 606 990 732
638 912 795 973 incohatos
821 931 900 986 esse,
935 931 1031 994 neque
1059 925 1128 973 ante
1162 932 1275 973 annum

211 1006 415 1085 739relictos‚
432 1026 500 1069 cum
521 1006 585 1087 ipse
603 1018 692 1089 poeta
710 1005 838 1068 declaret
857 1006 933 1066 circa
949 1005 1052 1067 aetatis
1071 1024 1141 1066 suae
1161 1025 1274 1066 annum

210 1100 388 1161 uicesimum
407 1098 539 1181 primum
554 1098 590 1161 ad
609 1098 738 1160 carmina
753 1098 894 1160 iuvenilia
913 1119 944 1159 se
958 1099 1150 1173 convertisse,
1170 1098 1274 1174 Trist.,

213 1194 265 1268 IV,
282 1212 329 1268 ro,
347 1194 394 1269 56.
411 1194 450 1253 At
464 1212 526 1254 non
546 1205 614 1253 ante
629 1212 740 1253 annum
756 1210 815 1270 739
830 1192 944 1273 vulgari
959 1205 1121 1274 potuerunt
1136 1193 1274 1266 Amores,

212 1288 242 1347 in
258 1284 365 1369 quibus
378 1285 545 1348 Sicambros
559 1287 655 1347 victos
664 1299 881 1348 commemoret
892 1286 1030 1362 Ovidius,
1044 1289 1068 1361 l,
1084 1305 1130 1360 10,
1141 1304 1180 1363 47
1190 1306 1274 1368 sqq.;

211 1400 280 1449 curn
296 1379 354 1442 illis
367 1392 479 1453 autem,
501 1380 599 1443 Dione
617 1394 691 1441 teste
707 1394 729 1454 1,
746 1379 858 1441 bellum
874 1400 955 1441 anno
973 1395 990 1454 7
996 1382 1031 1457 38
1053 1392 1169 1463 gestum
1187 1394 1230 1441 est
1248 1394 1277 1441 et

211 1473 266 1535 sub
280 1475 350 1535 anni
362 1472 455 1537 finem
469 1494 541 1555 pace
552 1472 681 1535 finitum.
697 1475 781 1545 Quin
797 1474 885 1538 etiam
900 1494 937 1535 ne
951 1487 1019 1535 ante
1031 1473 1152 1556 quidem
1164 1492 1276 1534 annum

211 1584 270 1645 744
289 1566 433 1651 publicari
453 1580 614 1650 potuerunt
631 1568 701 1629 Am.
721 1566 800 1643 libri,
825 1568 855 1628 in
875 1567 984 1651 quibus
1004 1568 1071 1628 Art.
1093 1569 1162 1629 Am.
1184 1581 1277 1629 exstet

212 1660 337 1738 mentio',
357 1662 395 1737 ΙΙ,
415 1664 461 1739 18,
482 1680 540 1740 19³

371 1796 454 1867 Quod
467 1795 537 1862 licet,
553 1808 599 1850 aut
612 1796 690 1851 Artes
701 1796 786 1851 teneri
800 1796 957 1869 profitemur
968 1796 1078 1851 Amoris
1094 1813 1102 1852 ι

370 1882 402 1939 Ei
414 1880 492 1949 mihi,
506 1882 649 1954 praeceptis
663 1898 760 1955 urgeor
772 1881 829 1953 ipse
842 1882 920 1937 meis.

250 2008 340 2093 Atqui
353 2007 377 2068 si
392 2021 470 2069 recte
482 2028 570 2089 supra
582 2007 758 2091 collegimus
772 2009 836 2069 Art.
853 2008 922 2068 Am.
939 2008 1191 2089 compositionem
1208 2022 1278 2069 ante

211 2124 259 2165 an.
276 2121 335 2181 744
349 2100 464 2163 institui
479 2121 540 2162 non
558 2102 703 2183 potuisse,
720 2102 811 2183 igitur
829 2102 949 2162 nerim.
964 2100 1057 2163 libros
1073 2101 1194 2185 quidem
1206 2116 1277 2164 tunc

211 2196 348 2278 vulgatos
362 2195 452 2257 fuisse
466 2209 596 2277 apparet.

253 2290 311 2351 Sed
340 2288 377 2350 de
399 2302 480 2350 certo
504 2288 644 2350 editionis
665 2308 745 2349 anno
767 2288 842 2349 nihil
859 2287 964 2371 liquet,
990 2289 1058 2371 quia
1074 2290 1199 2350 minime
1219 2290 1277 2351 huc

211 2383 323 2445 iaciunt
343 2402 417 2465 quae
436 2383 466 2442 in
485 2383 554 2443 Am.
574 2380 657 2443 libris
678 2395 766 2463 poeta
786 2380 822 2442 de
844 2381 933 2443 rebus
959 2381 1011 2443 illo
1031 2396 1165 2465 tempore
1187 2385 1277 2465 gestis

212 2477 335 2540 rettulit.
352 2478 532 2560 Quanquam
548 2477 629 2538 eninr
645 2476 742 2539 felicia
754 2477 886 2538 Caesaris
899 2496 990 2552 anna,
1008 2477 1032 2551 Ι,
1047 2496 1077 2553 2,
1094 2490 1145 2554 513
1164 2477 1280 2544 bellum

212 2584 390 2645 extremum,
406 2572 430 2646 Ι,
447 2573 476 2645 8,
491 2589 547 2646 403
561 2570 712 2631 Aeneidos
723 2569 910 2651 Vergilianas
924 2570 1098 2641 editionem,
1117 2573 1140 2646 Ι,
1158 2584 1204 2646 15,
1222 2588 1275 2648 253

213 2665 345 2729 Caesaris
360 2658 520 2746 templum,
535 2666 589 2740 ΙΙΙ,
602 2667 631 2738 8,
648 2678 699 2739 52;
713 2663 828 2725 Tibulli
839 2678 979 2739 mortem,
996 2666 1050 2740 ΙΙΙ,
1067 2684 1097 2742 9,
1112 2678 1125 2739 5
1135 2687 1144 2740 3
1163 2664 1277 2746 aliaque

212 2772 370 2833 memorat,
397 2776 430 2819 ea
453 2770 503 2817 aut
522 2758 649 2833 incerta,
677 2771 728 2818 aut
750 2758 912 2832 anteriora,
941 2777 1031 2840 quam
1056 2757 1277 2820 sicambrorum

213 2851 338 2928 bellum,
354 2866 434 2913 sunt.
452 2850 587 2912 Firmiter
598 2850 688 2931 igitur
702 2852 733 2911 in
746 2870 782 2912 eo
797 2850 1020 2913 subsistendum
1039 2865 1093 2927 est,
1110 2851 1190 2935 quod
1205 2854 1275 2914 Am.

212 2945 280 3007 libri
294 2946 370 3007 intra
382 2965 476 3007 annos
488 2962 579 3024 7447
584 2962 619 3022 52
633 2945 817 3026 prodierunt.
833 2944 890 3005 Sed
905 2945 993 3005 aliam
1006 2945 1209 3007 difficultatem
1219 2948 1279 3008 hoc

214 3038 335 3121 suscitat
346 3040 528 3121 epigramma
541 3037 622 3121 quod
635 3038 694 3099 illis
707 3038 836 3099 Ovidius
850 3039 1003 3120 praemisit
1021 3061 1028 3099 :

425 3172 481 3236 Qui
493 3172 577 3226 modo
586 3172 700 3228 Nasonis
712 3171 848 3227 fueramus
857 3172 976 3245 quinque
990 3171 1083 3240 libelli,

426 3255 493 3312 Tres
504 3273 599 3311 sumus
612 3275 619 3312 a
633 3258 685 3311 hoc
699 3257 737 3311 illi
748 3257 872 3329 praetulit
884 3269 976 3313 auctor
986 3274 1064 3329 opus.

426 3342 465 3397 Ut
479 3342 533 3395 iarn
547 3341 621 3397 nulla
634 3342 681 3396 tibi
694 3360 744 3396 nos
756 3343 788 3397 sit
801 3341 896 3414 legisse
909 3342 1040 3415 voluptas,

427 3426 464 3481 At
476 3425 558 3484 levior
571 3427 685 3499 demptis
696 3444 782 3499 poena
791 3426 897 3482 duobus
911 3428 976 3494 erit3

215 3572 252 3613 ex
271 3570 332 3634 quo
350 3550 418 3613 loco
440 3552 519 3613 docti
533 3552 613 3613 viri2
644 3552 855 3631 concluserunt
872 3554 999 3614 Amores
1016 3552 1061 3613 bis
1078 3552 1174 3613 editos
1193 3572 1276 3630 esse3

216 3646 347 3728 primum
369 3646 450 3706 enim
476 3645 608 3728 quinque
634 3645 726 3707 libros
749 3646 905 3708 distinctos
931 3661 961 3708 et
987 3646 1153 3728 publicatos
1176 3646 1276 3721 fuisse,

217 3752 320 3821 postea
335 3758 474 3802 recensos
489 3739 611 3801 eosdem
633 3753 661 3801 et
679 3741 847 3823 castigatos,
866 3754 898 3802 ut
915 3741 966 3823 qui
985 3742 1114 3801 secunda
1129 3741 1193 3801 vice
1210 3740 1278 3801 ede·

249 3953 271 3987 1.
288 3940 316 3987 L.
329 3938 392 3990 LIV.
405 3940 443 3988 Cf.
454 3940 560 4000 Masson,
571 3950 606 4004 op.
616 3943 665 4003 cit,
678 3957 701 4005 p.
717 3956 770 4004 147.

249 4028 273 4064 a.
291 4015 328 4064 (ΣΙ.
341 4016 444 4075 Masson‚
457 4024 490 4079 op.
501 4018 550 4076 cia,
563 4032 587 4081 p.
602 4016 660 4077 1483
671 4018 720 4079 Jos.
731 4018 843 4076 Hennes,
855 4025 890 4080 op.
902 4018 955 4074 cit„
968 4032 992 4080 p.
1005 4029 1033 4063 12
1042 4030 1093 4079 sqq.
