3159 5017
767 482 928 541 ..23-

309 616 392 678 flevit
402 630 431 677 et
442 636 603 699 procorum
614 603 750 698 precibus
763 614 912 698 minisque
926 614 1043 697 spretis,
1051 609 1159 697 pudica
1171 616 1201 676 in
1216 637 1380 699 gynaeceo,

312 711 430 772 omissis
443 711 588 772 conviviis
601 724 630 770 et
644 708 728 770 omni
741 710 912 791 nuptiarum
922 710 1103 790 cogitatione
1116 710 1240 787 abiecta,
1255 725 1379 795 totoque

237 855 240 860 .
312 806 412 867 animo
448 804 582 887 coniugis
613 802 795 864 dilectissimi
826 803 1030 864 recordatione
1057 805 1169 865 intenta
1194 808 1381 887 permansit?

315 898 464 961 Ouidiana
481 900 536 959 ista
561 896 681 959 mollior
700 909 743 957 est
762 895 884 973 femina,
909 916 999 978 quam
1017 896 1136 958 caelibis
1158 899 1236 959 uitae
1252 890 1312 960 iam
1330 900 1381 961 diu

311 993 417 1067 taedet,
434 1006 521 1075 atque
534 990 614 1053 dolet
629 991 711 1073 quod
726 991 818 1051 iaceat
832 989 950 1051 deserto
964 989 1071 1071 frigida
1083 989 1177 1067 lecto,
1188 1011 1217 1051 v.
1233 1009 1267 1068 7,
1282 992 1380 1070 itaut,

313 1102 373 1148 tam
386 1086 494 1168 longae
511 1085 739 1169 exspectationis
754 1083 911 1165 impatiens
932 1097 961 1143 et
984 1084 1085 1145 animo
1105 1084 1211 1160 acrior,
1229 1086 1259 1145 in
1280 1085 1382 1149 locum

316 1180 410 1241 Ulixis
427 1182 524 1241 virum
549 1177 685 1253 alterum,
701 1179 867 1238 Antinoum
891 1190 942 1238 aut
969 1178 1203 1258 Eurymachum,
1223 1178 1383 1242 suffectura

311 1274 403 1335 fuisse
418 1274 563 1334 videatur.
579 1271 709 1344 Qualem
721 1291 793 1331 vero
808 1291 839 1330 se
854 1284 981 1352 praestat
993 1272 1114 1353 Sappho
1129 1272 1193 1347 ista,
1209 1292 1284 1355 quae
1297 1273 1381 1341 nullo

312 1367 426 1449 pudore
444 1367 502 1428 iam
525 1366 679 1441 refrenata,
704 1366 857 1425 Phaonem
877 1363 995 1425 mollire
1020 1378 1158 1425 enervata
1175 1366 1218 1427 rei
1238 1386 1380 1429 venereae

312 1463 427 1543 pictura
450 1474 585 1536 conatur,
610 1458 681 1519 dum
712 1458 861 1519 lasciviam
886 1476 986 1534 suam,
1009 1458 1140 1519 crebram
1172 1458 1379 1537 mobilitatem,

312 1569 380 1636 apta
393 1554 482 1615 verba
497 1554 575 1628 ioco,
592 1551 756 1634 plurimum
772 1552 802 1611 in
817 1551 895 1611 lasso
914 1572 1039 1634 corpore
1059 1551 1234 1634 languorem
1250 1574 1380 1615 comme·

315 1662 421 1723 morat,
447 1649 514 1722 XV,
532 1650 591 1721 45!
614 1646 757 1706 Facetiori
777 1665 831 1705 suo
851 1646 971 1727 ingenio
985 1647 1066 1706 Naso
1084 1647 1211 1707 nimium
1225 1647 1381 1729 indulgens

315 1741 479 1803 irridendae
497 1739 697 1801 nobilissimae
716 1738 834 1821 puellae
852 1739 1040 1799 occasionem
1058 1740 1164 1821 cupide
1180 1741 1297 1801 videtur
1312 1742 1380 1802 arri-

315 1836 426 1917 puisse,
443 1847 472 1895 et
487 1833 581 1895 efficta
600 1832 636 1894 ab
655 1852 691 1893 eo
707 1832 826 1914 Sappho
849 1832 980 1892 Eressiae
1000 1831 1080 1893 illius
1094 1834 1194 1915 potius
1207 1835 1379 1913 meretricis,

315 1928 434 1990 arbitrio
458 1941 488 1989 et
509 1926 629 1988 licentia
651 1927 839 1987 comicorum
863 1923 1046 2002 dilaceratae,
1069 1946 1161 2008 quam
1186 1928 1382 2009 Mytilenaeas

315 2023 446 2103 poetriae
464 2041 519 2081 nos
537 2021 689 2082 admonet.
711 2022 793 2081 Haec
807 2039 878 2080 sane
897 2020 1007 2081 mirum
1019 2022 1051 2080 in
1066 2020 1190 2081 modum
1204 2035 1316 2082 mutata
1336 2037 1381 2084 est

314 2115 350 2177 ab
365 2115 414 2176 illa
427 2135 501 2198 quae
514 2114 751 2198 exquisitissimis
765 2114 1052 2196 modestissimisque
1068 2115 1167 2175 verbis
1176 2114 1218 2193 ‚de
1230 2115 1380 2197 populari.-

313 2208 368 2269 bus
381 2208 488 2291 puellis
504 2224 553 2271 aut
569 2209 690 2270 fortasse
706 2207 741 2268 de
763 2208 884 2294 Phaone
896 2206 1110 2290 querebatur&
1130 2210 1165 2269 In
1187 2208 1381 2271 informandis

313 2307 402 2389 igitur
413 2308 548 2389 personis
561 2326 777 2388 nonnunquam
793 2305 921 2366 Ovidius
941 2306 1116 2388 carpendus,
1133 2327 1303 2390 quanquam
1317 2306 1381 2370 aliis

313 2402 408 2461 causis
423 2402 454 2461 in
466 2402 640 2484 antiquitate
653 2399 803 2461 tractanda
818 2398 981 2460 laudandus
995 2414 1049 2461 est.

352 2505 462 2565 Mirum
477 2517 522 2565 est
534 2506 614 2565 enim
627 2516 735 2585 quanta
747 2503 818 2563 huic
833 2503 870 2563 sit
883 2501 1048 2564 fabularum
1063 2504 1195 2585 cognitio
1208 2517 1237 2565 et
1251 2518 1379 2567 vetusta·

312 2618 378 2658 rum
391 2618 488 2658 rerum
506 2598 649 2672 doctrina,
665 2610 696 2656 ut
711 2597 787 2657 inter
800 2596 987 2656 doctissimos
998 2611 1100 2677 poetas
1117 2597 1266 2679 insignem
1278 2598 1379 2660 locum

314 2691 446 2752 obtineat
461 2705 490 2752 et
506 2710 575 2751 cum
589 2691 722 2773 Vergilio
737 2690 803 2771 ipso
820 2690 875 2750 hac
890 2690 927 2751 de
942 2689 1028 2750 laude
1047 2705 1155 2752 certare
1173 2693 1287 2772 possit;
1306 2712 1380 2774 quae

314 2783 389 2845 adeo
415 2783 568 2866 singularis
595 2782 661 2858 fuit,
692 2796 724 2844 ut
752 2803 787 2843 ex
817 2782 868 2845 illa
896 2783 1055 2846 heroidum
1082 2786 1220 2845 varietate
1245 2800 1382 2867 appareat

314 2878 452 2938 omnium
462 2877 522 2938 lere
534 2878 714 2937 Graecorum
730 2877 961 2959 Latinorumque
973 2890 1110 2961 poemata
1123 2878 1195 2939 huic
1211 2893 1282 2939 nota
1292 2880 1381 2961 plane

315 2989 391 3031 esse.
407 2972 483 3031 Nam
500 2970 581 3053 quod
601 2970 778 3053 aliquotiens
797 2990 813 3031 a
827 2971 959 3051 pristinis
974 2972 1144 3032 auctoribus
1164 2971 1316 3033 dissentire
1330 2973 1380 3034 hic

313 3063 443 3135 videtur,
458 3064 533 3124 sicut
547 3064 577 3124 in
589 3063 754 3145 Penelopes
767 3063 853 3146 epist.
873 3078 920 3139 15,
934 3080 983 3142 37,
997 3066 1047 3143 63,
1060 3066 1109 3140 80,
1124 3084 1192 3142 roo,
1205 3086 1261 3148 ego
1272 3086 1380 3129 censeo

315 3160 346 3219 in
361 3158 518 3218 tractandis
532 3170 634 3218 vatum
651 3158 827 3219 commentis
840 3178 910 3218 eum
923 3177 1063 3219 concessa
1073 3158 1191 3219 licentia
1205 3180 1293 3220 usum
1302 3180 1379 3238 esse,

314 3265 344 3312 et
361 3250 497 3311 consulto
515 3271 531 3312 a
549 3249 660 3326 fabula,
677 3250 771 3333 qualis
788 3251 824 3311 ab
844 3252 978 3313 Homero
999 3251 1103 3312 tradita
1121 3266 1177 3329 est,
1197 3252 1378 3329 discessisse,

313 3357 346 3404 ut
359 3364 424 3403 eam
439 3344 574 3405 instituto
590 3364 644 3405 suo
659 3344 908 3406 accommodaret.
924 3345 1040 3406 Eodem
1052 3363 1172 3429 quoque
1183 3347 1245 3406 iure
1260 3346 1380 3408 liberius

311 3438 456 3522 quaedam
473 3436 547 3497 lacta
562 3438 767 3519 interpretatus
785 3451 839 3511 est,
856 3438 893 3499 de
911 3438 1019 3521 quibus
1035 3439 1116 3499 docti
1135 3440 1191 3499 viri
1208 3440 1380 3521 gravissime

312 3532 343 3592 in
369 3545 523 3613 utramque
549 3543 661 3612 partem
688 3531 898 3614 disceptarunt,
926 3545 958 3592 ut
981 3534 1031 3593 vix
1054 3532 1260 3615 neglegentius
1284 3534 1380 3616 egisse

314 3624 442 3687 Ovidius
454 3624 599 3700 videatur,
614 3646 683 3685 cum
700 3625 823 3707 quintus
837 3625 873 3686 ab
893 3628 964 3686 love
984 3626 1062 3687 Paris
1076 3626 1201 3703 dicatur,
1216 3630 1314 3705 XVII,
1330 3630 1378 3706 60,

314 3718 382 3800 quia
397 3731 511 3779 sextum
528 3732 578 3779 aut
590 3718 677 3779 etiam
697 3720 869 3801 septimum,
886 3720 911 3781 si
924 3720 1022 3802 poetis
1039 3720 1129 3783 fidem
1150 3721 1282 3804 praebes,
1310 3743 1380 3785 eum

313 3882 316 3887 ’
349 3920 371 3953 1.
388 3905 448 3954 aar.
471 3906 512 3970 tyr.
532 3908 586 3968 or„
608 3908 663 3957 eut.
686 3907 771 3972 Bergk,
786 3917 812 3968 40
827 3908 883 3959 eut.
914 3909 1018 3974 terpsrg,
1041 3909 1071 3959 rr.
1095 3926 1109 3958 2
1129 3926 1155 3959 v.
1175 3926 1214 3972 14,
1235 3910 1265 3961 cf.
1288 3911 1317 3959 rr.
1341 3925 1379 3973 33,

315 3996 353 4045 34¹
366 3996 411 4042 41·
