<?xml version="1.0" encoding="UTF-8"?>
<!DOCTYPE html PUBLIC "-//W3C//DTD XHTML 1.0 Transitional//EN"
    "http://www.w3.org/TR/xhtml1/DTD/xhtml1-transitional.dtd">
<html xmlns="http://www.w3.org/1999/xhtml" xml:lang="en" lang="en">
 <head>
  <title>
</title>
<meta http-equiv="Content-Type" content="text/html;charset=utf-8" />
  <meta name='ocr-system' content='tesseract 3.04.00' />
  <meta name='ocr-capabilities' content='ocr_page ocr_carea ocr_par ocr_line ocrx_word'/>
</head>
<body>
  <div class='ocr_page' id='page_1' title='image "./quaestionesadpo00pigoog_0013.png"; bbox 0 0 3159 5017; ppageno 0'>
   <div class='ocr_carea' id='block_1_1' title="bbox 93 149 1438 281">
    <p class='ocr_par' dir='ltr' id='par_1_1' title="bbox 93 149 1438 281">
     <span class='ocr_line' id='line_1_1' title="bbox 93 149 1438 281; baseline -0.011 -58"><span class='ocrx_word' id='word_1_1' title='bbox 93 215 98 223; x_wconf 95' lang='lat'><em>.</em></span> <span class='ocrx_word' id='word_1_2' title='bbox 138 149 1123 231; x_wconf 45' lang='lat' dir='ltr'>38·AEpr</span> <span class='ocrx_word' id='word_1_3' title='bbox 1001 186 1438 281; x_wconf 34' lang='lat' dir='ltr'>*augg-Qu...</span> 
     </span>
    </p>
   </div>
   <div class='ocr_carea' id='block_1_2' title="bbox 635 294 852 422">
    <p class='ocr_par' dir='ltr' id='par_1_2' title="bbox 635 294 852 422">
     <span class='ocr_line' id='line_1_2' title="bbox 635 294 852 422; baseline 0 -3"><span class='ocrx_word' id='word_1_4' title='bbox 635 360 714 422; x_wconf 87' lang='lat' dir='ltr'>ERR</span> <span class='ocrx_word' id='word_1_5' title='bbox 721 294 852 420; x_wconf 41' lang='lat' dir='ltr'>Aha·</span> 
     </span>
    </p>
   </div>
   <div class='ocr_carea' id='block_1_3' title="bbox 404 483 1061 893">
    <p class='ocr_par' dir='ltr' id='par_1_3' title="bbox 404 483 1061 893">
     <span class='ocr_line' id='line_1_3' title="bbox 404 483 997 571; baseline 0.01 -22"><span class='ocrx_word' id='word_1_6' title='bbox 404 512 434 571; x_wconf 87' lang='lat' dir='ltr'>p.</span> <span class='ocrx_word' id='word_1_7' title='bbox 460 483 508 568; x_wconf 83' lang='lat'>48,</span> <span class='ocrx_word' id='word_1_8' title='bbox 532 492 590 550; x_wconf 92' lang='lat' dir='ltr'>lin.</span> <span class='ocrx_word' id='word_1_9' title='bbox 616 512 645 571; x_wconf 71' lang='lat'>3,</span> <span class='ocrx_word' id='word_1_10' title='bbox 668 528 706 535; x_wconf 98' lang='lat'>—</span> <span class='ocrx_word' id='word_1_11' title='bbox 729 494 800 571; x_wconf 85' lang='lat' dir='ltr'>lege</span> <span class='ocrx_word' id='word_1_12' title='bbox 823 530 861 537; x_wconf 86' lang='lat'><em>-</em></span> <span class='ocrx_word' id='word_1_13' title='bbox 884 496 917 554; x_wconf 92' lang='lat' dir='ltr'>in</span> <span class='ocrx_word' id='word_1_14' title='bbox 941 516 997 555; x_wconf 90' lang='lat' dir='ltr'>ora</span> 
     </span>
     <span class='ocr_line' id='line_1_4' title="bbox 751 603 961 661; baseline 0.019 -4"><span class='ocrx_word' id='word_1_15' title='bbox 751 621 767 657; x_wconf 90' lang='lat'>&lt;‹</span> <span class='ocrx_word' id='word_1_16' title='bbox 890 603 961 661; x_wconf 85' lang='lat' dir='ltr'>vela</span> 
     </span>
     <span class='ocr_line' id='line_1_5' title="bbox 750 710 998 768; baseline 0.02 -5"><span class='ocrx_word' id='word_1_17' title='bbox 750 726 765 763; x_wconf 89' lang='lat'>&lt;‹</span> <span class='ocrx_word' id='word_1_18' title='bbox 890 710 998 768; x_wconf 87' lang='lat' dir='ltr'>tuerit.</span> 
     </span>
     <span class='ocr_line' id='line_1_6' title="bbox 620 812 1061 893; baseline 0.011 -23"><span class='ocrx_word' id='word_1_19' title='bbox 620 878 629 891; x_wconf 33' lang='grc' dir='ltr'><em>Ι</em></span> <span class='ocrx_word' id='word_1_20' title='bbox 711 812 806 871; x_wconf 79' lang='lat' dir='ltr'>Adde</span> <span class='ocrx_word' id='word_1_21' title='bbox 889 825 921 873; x_wconf 90' lang='lat' dir='ltr'>et</span> <span class='ocrx_word' id='word_1_22' title='bbox 942 817 1061 893; x_wconf 91' lang='lat' dir='ltr'>passim</span> 
     </span>
    </p>
   </div>
   <div class='ocr_carea' id='block_1_4' title="bbox 181 1598 1285 3590">
    <p class='ocr_par' dir='ltr' id='par_1_4' title="bbox 181 1598 1285 2709">
     <span class='ocr_line' id='line_1_7' title="bbox 181 1598 1245 1688; baseline -0.003 -21.883"><span class='ocrx_word' id='word_1_23' title='bbox 181 1604 334 1687; x_wconf 87' lang='lat' dir='ltr'>Nuper,</span> <span class='ocrx_word' id='word_1_24' title='bbox 351 1620 422 1664; x_wconf 88' lang='lat' dir='ltr'>cum</span> <span class='ocrx_word' id='word_1_25' title='bbox 436 1602 467 1662; x_wconf 95' lang='lat' dir='ltr'>in</span> <span class='ocrx_word' id='word_1_26' title='bbox 482 1620 587 1661; x_wconf 89' lang='lat' dir='ltr'>manus</span> <span class='ocrx_word' id='word_1_27' title='bbox 597 1598 748 1668; x_wconf 89' lang='lat' dir='ltr'>incidisset</span> <span class='ocrx_word' id='word_1_28' title='bbox 760 1599 797 1662; x_wconf 94' lang='lat' dir='ltr'>de</span> <span class='ocrx_word' id='word_1_29' title='bbox 813 1599 926 1663; x_wconf 91' lang='lat' dir='ltr'>Ovidio</span> <span class='ocrx_word' id='word_1_30' title='bbox 941 1600 1108 1684; x_wconf 81' lang='lat' dir='ltr'>Disputatio</span> <span class='ocrx_word' id='word_1_31' title='bbox 1119 1610 1142 1688; x_wconf 87' lang='lat'>¹,</span> <span class='ocrx_word' id='word_1_32' title='bbox 1156 1620 1245 1684; x_wconf 92' lang='lat' dir='ltr'>quam</span> 
     </span>
     <span class='ocr_line' id='line_1_8' title="bbox 182 1686 1244 1777; baseline -0.005 -16.995"><span class='ocrx_word' id='word_1_33' title='bbox 182 1698 257 1761; x_wconf 84' lang='lat' dir='ltr'>&#39;olim</span> <span class='ocrx_word' id='word_1_34' title='bbox 270 1686 412 1759; x_wconf 86' lang='lat' dir='ltr'>Facultati</span> <span class='ocrx_word' id='word_1_35' title='bbox 428 1695 462 1756; x_wconf 92' lang='lat' dir='ltr'>lit</span> <span class='ocrx_word' id='word_1_36' title='bbox 451 1708 592 1756; x_wconf 87' lang='lat' dir='ltr'>tterarum</span> <span class='ocrx_word' id='word_1_37' title='bbox 609 1695 764 1756; x_wconf 90' lang='lat' dir='ltr'>Parisiensi</span> <span class='ocrx_word' id='word_1_38' title='bbox 780 1694 999 1756; x_wconf 88' lang='lat' dir='ltr'>laudatissimus</span> <span class='ocrx_word' id='word_1_39' title='bbox 1016 1695 1165 1777; x_wconf 86' lang='lat' dir='ltr'>professor</span> <span class='ocrx_word' id='word_1_40' title='bbox 1178 1716 1244 1777; x_wconf 91' lang='lat' dir='ltr'>pro·</span> 
     </span>
     <span class='ocr_line' id='line_1_9' title="bbox 182 1782 1246 1875; baseline -0.005 -21"><span class='ocrx_word' id='word_1_41' title='bbox 182 1782 322 1875; x_wconf 88' lang='lat' dir='ltr'>ponebat,</span> <span class='ocrx_word' id='word_1_42' title='bbox 348 1790 445 1872; x_wconf 86' lang='lat' dir='ltr'>coepi</span> <span class='ocrx_word' id='word_1_43' title='bbox 456 1802 577 1871; x_wconf 86' lang='lat' dir='ltr'>egomet</span> <span class='ocrx_word' id='word_1_44' title='bbox 596 1789 782 1851; x_wconf 90' lang='lat' dir='ltr'>considerare</span> <span class='ocrx_word' id='word_1_45' title='bbox 803 1808 892 1873; x_wconf 87' lang='lat' dir='ltr'>quam</span> <span class='ocrx_word' id='word_1_46' title='bbox 914 1805 1007 1870; x_wconf 87' lang='lat' dir='ltr'>pauca</span> <span class='ocrx_word' id='word_1_47' title='bbox 1027 1789 1064 1850; x_wconf 94' lang='lat' dir='ltr'>de</span> <span class='ocrx_word' id='word_1_48' title='bbox 1084 1788 1136 1850; x_wconf 93' lang='lat' dir='ltr'>illo</span> <span class='ocrx_word' id='word_1_49' title='bbox 1158 1803 1246 1871; x_wconf 90' lang='lat' dir='ltr'>poeta</span> 
     </span>
     <span class='ocr_line' id='line_1_10' title="bbox 182 1860 1246 1968; baseline -0.004 -21"><span class='ocrx_word' id='word_1_50' title='bbox 182 1885 272 1947; x_wconf 91' lang='lat' dir='ltr'>huius</span> <span class='ocrx_word' id='word_1_51' title='bbox 286 1873 403 1968; x_wconf 89' lang='lat' dir='ltr'>generis</span> <span class='ocrx_word' id='word_1_52' title='bbox 418 1884 527 1967; x_wconf 89' lang='lat' dir='ltr'>scripta</span> <span class='ocrx_word' id='word_1_53' title='bbox 542 1904 559 1945; x_wconf 88' lang='lat' dir='ltr'>a</span> <span class='ocrx_word' id='word_1_54' title='bbox 577 1883 718 1944; x_wconf 87' lang='lat' dir='ltr'>studiosis</span> <span class='ocrx_word' id='word_1_55' title='bbox 738 1882 810 1943; x_wconf 91' lang='lat' dir='ltr'>viris</span> <span class='ocrx_word' id='word_1_56' title='bbox 827 1882 904 1944; x_wconf 89' lang='lat' dir='ltr'>edita</span> <span class='ocrx_word' id='word_1_57' title='bbox 923 1897 1030 1944; x_wconf 89' lang='lat' dir='ltr'>essent.</span> <span class='ocrx_word' id='word_1_58' title='bbox 1055 1860 1150 1955; x_wconf 87' lang='lat' dir='ltr'>Quasi</span> <span class='ocrx_word' id='word_1_59' title='bbox 1164 1884 1246 1966; x_wconf 85' lang='lat' dir='ltr'>enirn</span> 
     </span>
     <span class='ocr_line' id='line_1_11' title="bbox 184 1977 1245 2059; baseline -0.003 -19"><span class='ocrx_word' id='word_1_60' title='bbox 184 1980 311 2047; x_wconf 89' lang='lat' dir='ltr'>Ovidius</span> <span class='ocrx_word' id='word_1_61' title='bbox 333 1997 475 2040; x_wconf 90' lang='lat' dir='ltr'>numerus</span> <span class='ocrx_word' id='word_1_62' title='bbox 495 1978 543 2052; x_wconf 91' lang='lat' dir='ltr'>sit,</span> <span class='ocrx_word' id='word_1_63' title='bbox 562 1997 659 2059; x_wconf 90' lang='lat' dir='ltr'>neque</span> <span class='ocrx_word' id='word_1_64' title='bbox 674 1978 774 2039; x_wconf 88' lang='lat' dir='ltr'>statim</span> <span class='ocrx_word' id='word_1_65' title='bbox 793 1990 861 2059; x_wconf 89' lang='lat' dir='ltr'>post</span> <span class='ocrx_word' id='word_1_66' title='bbox 882 1978 1063 2050; x_wconf 90' lang='lat' dir='ltr'>Lucretium,</span> <span class='ocrx_word' id='word_1_67' title='bbox 1080 1977 1245 2058; x_wconf 84' lang='lat' dir='ltr'>Vergilium</span> 
     </span>
     <span class='ocr_line' id='line_1_12' title="bbox 183 2062 1285 2155; baseline -0.004 -21"><span class='ocrx_word' id='word_1_68' title='bbox 183 2074 401 2155; x_wconf 87' lang='lat' dir='ltr'>Horatiumque</span> <span class='ocrx_word' id='word_1_69' title='bbox 423 2062 532 2153; x_wconf 90' lang='lat' dir='ltr'>primas</span> <span class='ocrx_word' id='word_1_70' title='bbox 552 2072 629 2131; x_wconf 90' lang='lat' dir='ltr'>inter</span> <span class='ocrx_word' id='word_1_71' title='bbox 646 2072 767 2132; x_wconf 89' lang='lat' dir='ltr'>Latinos</span> <span class='ocrx_word' id='word_1_72' title='bbox 789 2083 898 2147; x_wconf 90' lang='lat' dir='ltr'>teneat,</span> <span class='ocrx_word' id='word_1_73' title='bbox 924 2070 1004 2131; x_wconf 88' lang='lat' dir='ltr'>haud</span> <span class='ocrx_word' id='word_1_74' title='bbox 1027 2070 1195 2154; x_wconf 87' lang='lat' dir='ltr'>frequenter</span> <span class='ocrx_word' id='word_1_75' title='bbox 1215 2072 1245 2131; x_wconf 95' lang='lat' dir='ltr'>in</span> <span class='ocrx_word' id='word_1_76' title='bbox 1281 2108 1285 2117; x_wconf 86' lang='lat'><em>·</em></span> 
     </span>
     <span class='ocr_line' id='line_1_13' title="bbox 185 2160 1246 2249; baseline -0.004 -21"><span class='ocrx_word' id='word_1_77' title='bbox 185 2166 279 2229; x_wconf 86' lang='lat' dir='ltr'>Gallia</span> <span class='ocrx_word' id='word_1_78' title='bbox 297 2166 419 2249; x_wconf 89' lang='lat' dir='ltr'>quidem</span> <span class='ocrx_word' id='word_1_79' title='bbox 440 2160 562 2247; x_wconf 84' lang='lat' dir='ltr'>oporam</span> <span class='ocrx_word' id='word_1_80' title='bbox 583 2163 795 2247; x_wconf 90' lang='lat' dir='ltr'>impenderunt</span> <span class='ocrx_word' id='word_1_81' title='bbox 814 2179 847 2225; x_wconf 94' lang='lat' dir='ltr'>ut</span> <span class='ocrx_word' id='word_1_82' title='bbox 865 2165 955 2225; x_wconf 92' lang='lat' dir='ltr'>huius</span> <span class='ocrx_word' id='word_1_83' title='bbox 975 2165 1098 2225; x_wconf 86' lang='lat' dir='ltr'>virtutes</span> <span class='ocrx_word' id='word_1_84' title='bbox 1117 2165 1246 2246; x_wconf 89' lang='lat' dir='ltr'>vitiaque</span> 
     </span>
     <span class='ocr_line' id='line_1_14' title="bbox 184 2256 1246 2343; baseline -0.002 -22"><span class='ocrx_word' id='word_1_85' title='bbox 184 2273 354 2322; x_wconf 86' lang='lat' dir='ltr'>excuterent</span> <span class='ocrx_word' id='word_1_86' title='bbox 360 2282 369 2336; x_wconf 93' lang='lat'>;</span> <span class='ocrx_word' id='word_1_87' title='bbox 391 2272 420 2319; x_wconf 88' lang='lat' dir='ltr'>et</span> <span class='ocrx_word' id='word_1_88' title='bbox 438 2259 462 2317; x_wconf 93' lang='lat' dir='ltr'>si</span> <span class='ocrx_word' id='word_1_89' title='bbox 483 2258 603 2343; x_wconf 92' lang='lat' dir='ltr'>quando</span> <span class='ocrx_word' id='word_1_90' title='bbox 624 2259 688 2319; x_wconf 89' lang='lat' dir='ltr'>eius</span> <span class='ocrx_word' id='word_1_91' title='bbox 708 2258 837 2319; x_wconf 89' lang='lat' dir='ltr'>carmina</span> <span class='ocrx_word' id='word_1_92' title='bbox 853 2256 884 2318; x_wconf 92' lang='lat' dir='ltr'>in</span> <span class='ocrx_word' id='word_1_93' title='bbox 899 2258 1144 2340; x_wconf 87' lang='lat' dir='ltr'>disceptationem</span> <span class='ocrx_word' id='word_1_94' title='bbox 1157 2278 1246 2319; x_wconf 88' lang='lat' dir='ltr'>vene-</span> 
     </span>
     <span class='ocr_line' id='line_1_15' title="bbox 184 2350 1246 2434; baseline -0.002 -20"><span class='ocrx_word' id='word_1_95' title='bbox 184 2365 264 2429; x_wconf 91' lang='lat' dir='ltr'>runt,</span> <span class='ocrx_word' id='word_1_96' title='bbox 290 2354 449 2424; x_wconf 85' lang='lat' dir='ltr'>Amorum,</span> <span class='ocrx_word' id='word_1_97' title='bbox 478 2352 764 2432; x_wconf 88' lang='lat' dir='ltr'>Metamorphoseon</span> <span class='ocrx_word' id='word_1_98' title='bbox 803 2352 1018 2434; x_wconf 75' lang='lat' dir='ltr'>fastorumque</span> <span class='ocrx_word' id='word_1_99' title='bbox 1053 2350 1119 2412; x_wconf 91' lang='lat' dir='ltr'>libri</span> <span class='ocrx_word' id='word_1_100' title='bbox 1150 2351 1246 2412; x_wconf 92' lang='lat' dir='ltr'>multo</span> 
     </span>
     <span class='ocr_line' id='line_1_16' title="bbox 186 2443 1246 2531; baseline -0.002 -24"><span class='ocrx_word' id='word_1_101' title='bbox 186 2446 335 2529; x_wconf 90' lang='lat' dir='ltr'>digniores</span> <span class='ocrx_word' id='word_1_102' title='bbox 354 2446 410 2531; x_wconf 86' lang='lat' dir='ltr'>visi</span> <span class='ocrx_word' id='word_1_103' title='bbox 432 2458 500 2513; x_wconf 86' lang='lat' dir='ltr'>sunt</span> <span class='ocrx_word' id='word_1_104' title='bbox 518 2445 569 2527; x_wconf 90' lang='lat' dir='ltr'>qui</span> <span class='ocrx_word' id='word_1_105' title='bbox 592 2445 776 2506; x_wconf 91' lang='lat' dir='ltr'>eruditorum</span> <span class='ocrx_word' id='word_1_106' title='bbox 798 2444 932 2506; x_wconf 91' lang='lat' dir='ltr'>virorum</span> <span class='ocrx_word' id='word_1_107' title='bbox 957 2445 1073 2506; x_wconf 88' lang='lat' dir='ltr'>animos</span> <span class='ocrx_word' id='word_1_108' title='bbox 1102 2459 1131 2505; x_wconf 92' lang='lat' dir='ltr'>et</span> <span class='ocrx_word' id='word_1_109' title='bbox 1150 2443 1246 2506; x_wconf 87' lang='lat' dir='ltr'>studia</span> 
     </span>
     <span class='ocr_line' id='line_1_17' title="bbox 187 2538 1249 2621; baseline -0.001 -21"><span class='ocrx_word' id='word_1_110' title='bbox 187 2540 357 2617; x_wconf 87' lang='lat' dir='ltr'>retinerent,</span> <span class='ocrx_word' id='word_1_111' title='bbox 375 2540 425 2600; x_wconf 84' lang='lat' dir='ltr'>vix</span> <span class='ocrx_word' id='word_1_112' title='bbox 440 2551 540 2600; x_wconf 91' lang='lat' dir='ltr'>autem</span> <span class='ocrx_word' id='word_1_113' title='bbox 560 2538 773 2619; x_wconf 87' lang='lat' dir='ltr'>Epistularum,</span> <span class='ocrx_word' id='word_1_114' title='bbox 796 2538 962 2600; x_wconf 91' lang='lat' dir='ltr'>Heroidum</span> <span class='ocrx_word' id='word_1_115' title='bbox 982 2539 1105 2601; x_wconf 89' lang='lat' dir='ltr'>nomine</span> <span class='ocrx_word' id='word_1_116' title='bbox 1126 2540 1249 2621; x_wconf 73' lang='lat' dir='ltr'>scripta</span> 
     </span>
     <span class='ocr_line' id='line_1_18' title="bbox 187 2632 595 2720; baseline -0.003 -26"><span class='ocrx_word' id='word_1_117' title='bbox 187 2652 263 2720; x_wconf 83' lang='lat' dir='ltr'>rum,</span> <span class='ocrx_word' id='word_1_118' title='bbox 278 2634 391 2694; x_wconf 88' lang='lat' dir='ltr'>mentio</span> <span class='ocrx_word' id='word_1_119' title='bbox 404 2632 504 2693; x_wconf 88' lang='lat' dir='ltr'>habita</span> <span class='ocrx_word' id='word_1_120' title='bbox 518 2644 595 2693; x_wconf 83' lang='lat' dir='ltr'>est2.</span> 
     </span>
    </p>

    <p class='ocr_par' dir='ltr' id='par_1_5' title="bbox 185 2724 1247 3558">
     <span class='ocr_line' id='line_1_19' title="bbox 226 2724 1246 2810; baseline 0 -23"><span class='ocrx_word' id='word_1_121' title='bbox 226 2724 297 2788; x_wconf 90' lang='lat' dir='ltr'>lnde</span> <span class='ocrx_word' id='word_1_122' title='bbox 309 2726 385 2789; x_wconf 89' lang='lat' dir='ltr'>mihi</span> <span class='ocrx_word' id='word_1_123' title='bbox 400 2726 526 2788; x_wconf 89' lang='lat' dir='ltr'>occurrit</span> <span class='ocrx_word' id='word_1_124' title='bbox 540 2726 681 2808; x_wconf 82' lang='lat' dir='ltr'>cogitatio</span> <span class='ocrx_word' id='word_1_125' title='bbox 700 2739 729 2787; x_wconf 92' lang='lat' dir='ltr'>et</span> <span class='ocrx_word' id='word_1_126' title='bbox 742 2726 881 2788; x_wconf 89' lang='lat' dir='ltr'>voluntas</span> <span class='ocrx_word' id='word_1_127' title='bbox 892 2725 1003 2810; x_wconf 89' lang='lat' dir='ltr'>aliquid</span> <span class='ocrx_word' id='word_1_128' title='bbox 1013 2748 1068 2809; x_wconf 93' lang='lat' dir='ltr'>pro</span> <span class='ocrx_word' id='word_1_129' title='bbox 1077 2726 1155 2788; x_wconf 91' lang='lat' dir='ltr'>virili</span> <span class='ocrx_word' id='word_1_130' title='bbox 1165 2740 1246 2809; x_wconf 90' lang='lat' dir='ltr'>parte</span> 
     </span>
     <span class='ocr_line' id='line_1_20' title="bbox 186 2808 1245 2904; baseline 0 -22"><span class='ocrx_word' id='word_1_131' title='bbox 186 2808 222 2882; x_wconf 91' lang='lat' dir='ltr'>de</span> <span class='ocrx_word' id='word_1_132' title='bbox 234 2824 306 2883; x_wconf 90' lang='lat' dir='ltr'>Her</span> <span class='ocrx_word' id='word_1_133' title='bbox 323 2820 466 2903; x_wconf 88' lang='lat' dir='ltr'>Epistulis</span> <span class='ocrx_word' id='word_1_134' title='bbox 481 2818 639 2895; x_wconf 89' lang='lat' dir='ltr'>scribendi,</span> <span class='ocrx_word' id='word_1_135' title='bbox 655 2820 723 2903; x_wconf 88' lang='lat' dir='ltr'>quia</span> <span class='ocrx_word' id='word_1_136' title='bbox 739 2819 874 2883; x_wconf 87' lang='lat' dir='ltr'>laudibus</span> <span class='ocrx_word' id='word_1_137' title='bbox 884 2818 952 2883; x_wconf 89' lang='lat' dir='ltr'>illae</span> <span class='ocrx_word' id='word_1_138' title='bbox 965 2821 1163 2904; x_wconf 87' lang='lat' dir='ltr'>dignissimae</span> <span class='ocrx_word' id='word_1_139' title='bbox 1165 2821 1245 2882; x_wconf 83' lang='lat' dir='ltr'>vide·</span> 
     </span>
     <span class='ocr_line' id='line_1_21' title="bbox 185 2911 1246 2997; baseline 0 -22"><span class='ocrx_word' id='word_1_140' title='bbox 185 2914 300 2979; x_wconf 84' lang='lat' dir='ltr'>bantur</span> <span class='ocrx_word' id='word_1_141' title='bbox 312 2914 358 2975; x_wconf 86' lang='lat' dir='ltr'>Ad</span> <span class='ocrx_word' id='word_1_142' title='bbox 368 2912 570 2997; x_wconf 88' lang='lat' dir='ltr'>peragendum</span> <span class='ocrx_word' id='word_1_143' title='bbox 585 2912 745 2982; x_wconf 85' lang='lat' dir='ltr'>consilium</span> <span class='ocrx_word' id='word_1_144' title='bbox 759 2911 940 2991; x_wconf 88' lang='lat' dir='ltr'>stimulabar,</span> <span class='ocrx_word' id='word_1_145' title='bbox 953 2936 1022 2975; x_wconf 91' lang='lat' dir='ltr'>cum</span> <span class='ocrx_word' id='word_1_146' title='bbox 1032 2915 1246 2997; x_wconf 89' lang='lat' dir='ltr'>perpenderem</span> 
     </span>
     <span class='ocr_line' id='line_1_22' title="bbox 186 3006 1247 3091; baseline -0.001 -22"><span class='ocrx_word' id='word_1_147' title='bbox 186 3020 297 3091; x_wconf 88' lang='lat' dir='ltr'>quanto</span> <span class='ocrx_word' id='word_1_148' title='bbox 317 3009 347 3068; x_wconf 94' lang='lat' dir='ltr'>in</span> <span class='ocrx_word' id='word_1_149' title='bbox 369 3008 485 3068; x_wconf 86' lang='lat' dir='ltr'>honore</span> <span class='ocrx_word' id='word_1_150' title='bbox 506 3006 574 3067; x_wconf 88' lang='lat' dir='ltr'>illae</span> <span class='ocrx_word' id='word_1_151' title='bbox 593 3007 671 3089; x_wconf 86' lang='lat' dir='ltr'>apud</span> <span class='ocrx_word' id='word_1_152' title='bbox 694 3007 947 3069; x_wconf 88' lang='lat' dir='ltr'>eminentissimos</span> <span class='ocrx_word' id='word_1_153' title='bbox 969 3009 1078 3069; x_wconf 88' lang='lat' dir='ltr'>decimi</span> <span class='ocrx_word' id='word_1_154' title='bbox 1097 3009 1193 3091; x_wconf 88' lang='lat' dir='ltr'>quinti</span> <span class='ocrx_word' id='word_1_155' title='bbox 1217 3021 1247 3068; x_wconf 90' lang='lat' dir='ltr'>et</span> 
     </span>
     <span class='ocr_line' id='line_1_23' title="bbox 186 3099 1245 3189; baseline 0 -27"><span class='ocrx_word' id='word_1_156' title='bbox 186 3101 259 3163; x_wconf 85' lang='lat' dir='ltr'>sexti</span> <span class='ocrx_word' id='word_1_157' title='bbox 290 3100 398 3163; x_wconf 89' lang='lat' dir='ltr'>saeculi</span> <span class='ocrx_word' id='word_1_158' title='bbox 421 3101 500 3161; x_wconf 89' lang='lat' dir='ltr'>viros</span> <span class='ocrx_word' id='word_1_159' title='bbox 524 3099 667 3177; x_wconf 82' lang='lat' dir='ltr'>tuissent3</span> <span class='ocrx_word' id='word_1_160' title='bbox 682 3120 765 3189; x_wconf 88' lang='lat' dir='ltr'>nam</span> <span class='ocrx_word' id='word_1_161' title='bbox 787 3104 815 3177; x_wconf 90' lang='lat' dir='ltr'>J.</span> <span class='ocrx_word' id='word_1_162' title='bbox 844 3103 879 3163; x_wconf 91' lang='lat' dir='ltr'>C.</span> <span class='ocrx_word' id='word_1_163' title='bbox 911 3102 1050 3185; x_wconf 89' lang='lat' dir='ltr'>Scaliger,</span> <span class='ocrx_word' id='word_1_164' title='bbox 1079 3104 1162 3164; x_wconf 90' lang='lat' dir='ltr'>Poet.</span> <span class='ocrx_word' id='word_1_165' title='bbox 1192 3104 1245 3177; x_wconf 91' lang='lat' dir='ltr'>VI,</span> 
     </span>
     <span class='ocr_line' id='line_1_24' title="bbox 187 3194 1247 3278; baseline -0.001 -22"><span class='ocrx_word' id='word_1_166' title='bbox 187 3196 211 3256; x_wconf 85' lang='lat' dir='ltr'>c.</span> <span class='ocrx_word' id='word_1_167' title='bbox 231 3196 292 3255; x_wconf 89' lang='lat' dir='ltr'>Vll</span> <span class='ocrx_word' id='word_1_168' title='bbox 305 3206 315 3257; x_wconf 78' lang='lat' dir='ltr'>r·</span> <span class='ocrx_word' id='word_1_169' title='bbox 336 3219 351 3253; x_wconf 79' lang='lat' dir='ltr'>r&lt;</span> <span class='ocrx_word' id='word_1_170' title='bbox 372 3194 536 3276; x_wconf 88' lang='lat' dir='ltr'>Epistulae,</span> <span class='ocrx_word' id='word_1_171' title='bbox 560 3194 667 3277; x_wconf 90' lang='lat' dir='ltr'>inquit,</span> <span class='ocrx_word' id='word_1_172' title='bbox 690 3194 827 3256; x_wconf 91' lang='lat' dir='ltr'>omnium</span> <span class='ocrx_word' id='word_1_173' title='bbox 847 3194 926 3256; x_wconf 93' lang='lat' dir='ltr'>illius</span> <span class='ocrx_word' id='word_1_174' title='bbox 946 3195 1090 3257; x_wconf 91' lang='lat' dir='ltr'>librorum</span> <span class='ocrx_word' id='word_1_175' title='bbox 1107 3196 1247 3278; x_wconf 88' lang='lat' dir='ltr'>politissi-</span> 
     </span>
     <span class='ocr_line' id='line_1_25' title="bbox 186 3286 1245 3371; baseline -0.001 -22"><span class='ocrx_word' id='word_1_176' title='bbox 186 3302 250 3349; x_wconf 90' lang='lat' dir='ltr'>mae</span> <span class='ocrx_word' id='word_1_177' title='bbox 267 3309 300 3364; x_wconf 76' lang='lat' dir='ltr'>a;</span> <span class='ocrx_word' id='word_1_178' title='bbox 317 3299 346 3348; x_wconf 92' lang='lat' dir='ltr'>et</span> <span class='ocrx_word' id='word_1_179' title='bbox 362 3288 509 3369; x_wconf 88' lang='lat' dir='ltr'>posterius</span> <span class='ocrx_word' id='word_1_180' title='bbox 520 3286 651 3369; x_wconf 88' lang='lat' dir='ltr'>Rapin,</span> <span class='ocrx_word' id='word_1_181' title='bbox 644 3307 674 3347; x_wconf 92' lang='lat' dir='ltr'>1n</span> <span class='ocrx_word' id='word_1_182' title='bbox 685 3288 916 3369; x_wconf 78' lang='lat' dir='ltr'>Comparatione</span> <span class='ocrx_word' id='word_1_183' title='bbox 932 3290 1056 3351; x_wconf 92' lang='lat' dir='ltr'>Homeri</span> <span class='ocrx_word' id='word_1_184' title='bbox 1071 3303 1099 3350; x_wconf 92' lang='lat' dir='ltr'>et</span> <span class='ocrx_word' id='word_1_185' title='bbox 1111 3289 1245 3371; x_wconf 88' lang='lat' dir='ltr'>Vergilii</span> 
     </span>
     <span class='ocr_line' id='line_1_26' title="bbox 186 3380 1247 3465; baseline 0.001 -22"><span class='ocrx_word' id='word_1_186' title='bbox 186 3388 212 3443; x_wconf 84' lang='lat' dir='ltr'>t&#39;.</span> <span class='ocrx_word' id='word_1_187' title='bbox 226 3382 293 3443; x_wconf 89' lang='lat' dir='ltr'>XI:</span> <span class='ocrx_word' id='word_1_188' title='bbox 309 3404 324 3439; x_wconf 82' lang='lat' dir='ltr'>c&lt;</span> <span class='ocrx_word' id='word_1_189' title='bbox 337 3382 434 3463; x_wconf 87' lang='lat' dir='ltr'>Ego,</span> <span class='ocrx_word' id='word_1_190' title='bbox 426 3380 534 3463; x_wconf 75' lang='lat' dir='ltr'>inquit,</span> <span class='ocrx_word' id='word_1_191' title='bbox 551 3380 718 3441; x_wconf 90' lang='lat' dir='ltr'>Heroidum</span> <span class='ocrx_word' id='word_1_192' title='bbox 728 3381 868 3463; x_wconf 87' lang='lat' dir='ltr'>epistulas</span> <span class='ocrx_word' id='word_1_193' title='bbox 882 3402 1000 3464; x_wconf 90' lang='lat' dir='ltr'>semper</span> <span class='ocrx_word' id='word_1_194' title='bbox 1010 3382 1129 3465; x_wconf 88' lang='lat' dir='ltr'>appello</span> <span class='ocrx_word' id='word_1_195' title='bbox 1141 3382 1247 3444; x_wconf 92' lang='lat' dir='ltr'>florem</span> 
     </span>
     <span class='ocr_line' id='line_1_27' title="bbox 186 3475 552 3590; baseline -0.014 -54"><span class='ocrx_word' id='word_1_196' title='bbox 186 3475 349 3590; x_wconf 85' lang='lat' dir='ltr'>elegantiae</span> <span class='ocrx_word' id='word_1_197' title='bbox 366 3493 515 3537; x_wconf 90' lang='lat' dir='ltr'>romanae.</span> <span class='ocrx_word' id='word_1_198' title='bbox 537 3498 552 3531; x_wconf 77' lang='lat' dir='ltr'>s</span> 
     </span>
    </p>
   </div>
   <div class='ocr_carea' id='block_1_5' title="bbox 185 3627 1246 4087">
    <p class='ocr_par' dir='ltr' id='par_1_6' title="bbox 209 3627 1140 3709">
     <span class='ocr_line' id='line_1_28' title="bbox 209 3627 1140 3709; baseline 0.002 -16.016"><span class='ocrx_word' id='word_1_199' title='bbox 209 3658 239 3694; x_wconf 90' lang='lat'>1.</span> <span class='ocrx_word' id='word_1_200' title='bbox 256 3642 380 3709; x_wconf 85' lang='lat' dir='ltr'>Nageotte,</span> <span class='ocrx_word' id='word_1_201' title='bbox 389 3644 469 3703; x_wconf 81' lang='lat' dir='ltr'>Ouide,</span> <span class='ocrx_word' id='word_1_202' title='bbox 480 3642 583 3690; x_wconf 78' lang='lat' dir='ltr'>savr&#39;eet</span> <span class='ocrx_word' id='word_1_203' title='bbox 597 3656 627 3690; x_wconf 82' lang='lat' dir='ltr'>ses</span> <span class='ocrx_word' id='word_1_204' title='bbox 640 3659 728 3703; x_wconf 77' lang='lat' dir='ltr'>ouvrer,</span> <span class='ocrx_word' id='word_1_205' title='bbox 741 3644 791 3693; x_wconf 77' lang='lat' dir='ltr'>The</span> <span class='ocrx_word' id='word_1_206' title='bbox 780 3646 827 3705; x_wconf 78' lang='lat' dir='ltr'>ese,</span> <span class='ocrx_word' id='word_1_207' title='bbox 841 3627 915 3706; x_wconf 78' lang='lat' dir='ltr'>Paris,</span> <span class='ocrx_word' id='word_1_208' title='bbox 928 3646 1028 3704; x_wconf 88' lang='lat' dir='ltr'>Thorin,</span> <span class='ocrx_word' id='word_1_209' title='bbox 1045 3648 1140 3709; x_wconf 87' lang='lat'>1872.-</span> 
     </span>
    </p>

    <p class='ocr_par' dir='ltr' id='par_1_7' title="bbox 185 3718 1246 4087">
     <span class='ocr_line' id='line_1_29' title="bbox 217 3718 1245 3815; baseline -0.001 -46"><span class='ocrx_word' id='word_1_210' title='bbox 217 3736 240 3769; x_wconf 84' lang='lat' dir='ltr'>a.</span> <span class='ocrx_word' id='word_1_211' title='bbox 258 3722 293 3769; x_wconf 90' lang='grc' dir='ltr'>Μ.</span> <span class='ocrx_word' id='word_1_212' title='bbox 314 3722 403 3815; x_wconf 89' lang='lat' dir='ltr'>Meyer,</span> <span class='ocrx_word' id='word_1_213' title='bbox 428 3720 462 3767; x_wconf 90' lang='lat' dir='ltr'>De</span> <span class='ocrx_word' id='word_1_214' title='bbox 483 3718 646 3767; x_wconf 72' lang='lat' dir='ltr'>recitationibus</span> <span class='ocrx_word' id='word_1_215' title='bbox 668 3726 689 3768; x_wconf 84' lang='lat' dir='ltr'>et</span> <span class='ocrx_word' id='word_1_216' title='bbox 706 3722 732 3768; x_wconf 81' lang='lat' dir='ltr'>de</span> <span class='ocrx_word' id='word_1_217' title='bbox 755 3723 844 3780; x_wconf 82' lang='lat' dir='ltr'>Ouidio,</span> <span class='ocrx_word' id='word_1_218' title='bbox 872 3722 956 3781; x_wconf 76' lang='lat' dir='ltr'>These,</span> <span class='ocrx_word' id='word_1_219' title='bbox 982 3726 1056 3782; x_wconf 79' lang='lat'>1842;</span> <span class='ocrx_word' id='word_1_220' title='bbox 1085 3724 1111 3770; x_wconf 91' lang='lat' dir='ltr'>L.</span> <span class='ocrx_word' id='word_1_221' title='bbox 1135 3722 1245 3788; x_wconf 65' lang='lat' dir='ltr'>herois,</span> 
     </span>
     <span class='ocr_line' id='line_1_30' title="bbox 187 3785 1243 3864; baseline 0 -19"><span class='ocrx_word' id='word_1_222' title='bbox 187 3785 543 3864; x_wconf 37' lang='lat' dir='ltr'>Raamaessursstareugtondas</span> <span class='ocrx_word' id='word_1_223' title='bbox 556 3793 668 3854; x_wconf 80' lang='lat' dir='ltr'>Romaim,</span> <span class='ocrx_word' id='word_1_224' title='bbox 682 3798 859 3861; x_wconf 61' lang='grc' dir='ltr'>ὦαρνὶςουὶάι,</span> <span class='ocrx_word' id='word_1_225' title='bbox 869 3798 955 3857; x_wconf 75' lang='lat' dir='ltr'>These,</span> <span class='ocrx_word' id='word_1_226' title='bbox 971 3798 1044 3859; x_wconf 83' lang='lat'>1846;</span> <span class='ocrx_word' id='word_1_227' title='bbox 1058 3800 1135 3847; x_wconf 91' lang='lat' dir='ltr'>Guill</span> <span class='ocrx_word' id='word_1_228' title='bbox 1147 3800 1243 3854; x_wconf 89' lang='lat' dir='ltr'>Breton‚</span> 
     </span>
     <span class='ocr_line' id='line_1_31' title="bbox 186 3872 1245 3938; baseline 0.001 -18"><span class='ocrx_word' id='word_1_229' title='bbox 186 3874 284 3921; x_wconf 86' lang='lat' dir='ltr'>Metam.</span> <span class='ocrx_word' id='word_1_230' title='bbox 291 3872 375 3921; x_wconf 77' lang='lat' dir='ltr'>libros</span> <span class='ocrx_word' id='word_1_231' title='bbox 388 3874 483 3921; x_wconf 82' lang='lat' dir='ltr'>Ouidius</span> <span class='ocrx_word' id='word_1_232' title='bbox 505 3891 546 3938; x_wconf 84' lang='lat' dir='ltr'>quo</span> <span class='ocrx_word' id='word_1_233' title='bbox 568 3875 656 3923; x_wconf 81' lang='lat' dir='ltr'>consitio</span> <span class='ocrx_word' id='word_1_234' title='bbox 675 3876 768 3936; x_wconf 80' lang='lat' dir='ltr'>ceperit,</span> <span class='ocrx_word' id='word_1_235' title='bbox 786 3891 832 3938; x_wconf 79' lang='lat' dir='ltr'>prro</span> <span class='ocrx_word' id='word_1_236' title='bbox 849 3880 898 3922; x_wconf 86' lang='lat' dir='ltr'>arte</span> <span class='ocrx_word' id='word_1_237' title='bbox 914 3876 1038 3937; x_wconf 78' lang='lat' dir='ltr'>perfecerit,</span> <span class='ocrx_word' id='word_1_238' title='bbox 1060 3874 1144 3930; x_wconf 73' lang='lat' dir='ltr'>These,</span> <span class='ocrx_word' id='word_1_239' title='bbox 1169 3876 1245 3932; x_wconf 89' lang='lat' dir='ltr'>Paris,</span> 
     </span>
     <span class='ocr_line' id='line_1_32' title="bbox 185 3942 1246 4011; baseline 0 -14"><span class='ocrx_word' id='word_1_240' title='bbox 185 3942 389 4009; x_wconf 82' lang='lat' dir='ltr'>Hachette,1883;</span> <span class='ocrx_word' id='word_1_241' title='bbox 400 3950 422 4011; x_wconf 78' lang='lat' dir='ltr'>J,</span> <span class='ocrx_word' id='word_1_242' title='bbox 435 3949 516 4008; x_wconf 82' lang='lat' dir='ltr'>Favre,</span> <span class='ocrx_word' id='word_1_243' title='bbox 533 3950 567 3999; x_wconf 76' lang='lat' dir='ltr'>De</span> <span class='ocrx_word' id='word_1_244' title='bbox 579 3951 659 3999; x_wconf 83' lang='lat' dir='ltr'>Ouidio</span> <span class='ocrx_word' id='word_1_245' title='bbox 671 3956 771 3998; x_wconf 88' lang='lat' dir='ltr'>novatore</span> <span class='ocrx_word' id='word_1_246' title='bbox 783 3951 950 3999; x_wconf 83' lang='lat' dir='ltr'>uocabulorum</span> <span class='ocrx_word' id='word_1_247' title='bbox 941 3966 966 3998; x_wconf 86' lang='lat' dir='ltr'>m</span> <span class='ocrx_word' id='word_1_248' title='bbox 976 3952 1068 3999; x_wconf 69' lang='lat' dir='ltr'>dietata.</span> <span class='ocrx_word' id='word_1_249' title='bbox 1080 3950 1246 4011; x_wconf 61' lang='lat' dir='ltr'>libris,Thme,</span> 
     </span>
     <span class='ocr_line' id='line_1_33' title="bbox 188 4022 537 4087; baseline 0.014 -18"><span class='ocrx_word' id='word_1_250' title='bbox 188 4022 382 4083; x_wconf 83' lang='lat' dir='ltr'>Paris‚Garnier,</span> <span class='ocrx_word' id='word_1_251' title='bbox 399 4026 467 4087; x_wconf 83' lang='lat'>1885.</span> <span class='ocrx_word' id='word_1_252' title='bbox 534 4052 537 4061; x_wconf 86' lang='lat'>·</span> 
     </span>
    </p>
   </div>
   <div class='ocr_carea' id='block_1_6' title="bbox 241 4116 1193 4184">
    <p class='ocr_par' dir='ltr' id='par_1_8' title="bbox 241 4116 1193 4184">
     <span class='ocr_line' id='line_1_34' title="bbox 241 4116 1193 4184; baseline 0.002 -17"><span class='ocrx_word' id='word_1_253' title='bbox 241 4126 541 4184; x_wconf 53' lang='lat' dir='ltr'>ama-otteramno.</span> <span class='ocrx_word' id='word_1_254' title='bbox 1029 4116 1032 4123; x_wconf 86' lang='grc'><em>“</em></span> <span class='ocrx_word' id='word_1_255' title='bbox 1184 4138 1193 4169; x_wconf 80' lang='grc' dir='ltr'>ι</span> 
     </span>
    </p>
   </div>
   <div class='ocr_carea' id='block_1_7' title="bbox 0 0 1594 5017">
    <p class='ocr_par' dir='ltr' id='par_1_9' title="bbox 0 0 1594 5017">
     <span class='ocr_line' id='line_1_35' title="bbox 0 0 1594 5017; baseline 0 0"><span class='ocrx_word' id='word_1_256' title='bbox 0 0 1594 5017; x_wconf 95' lang='lat' dir='ltr'> </span> 
     </span>
    </p>
   </div>
  </div>
 </body>
</html>
