3159 5017
769 532 868 577 ...10
888 550 927 561 ..

313 647 477 711 admodum
493 646 647 731 probabile
659 661 705 709 est
718 661 832 710 mature
848 648 884 709 ab
901 669 942 710 eo
952 646 1104 711 absolutos
1120 669 1185 711 esse
1199 651 1269 711 Am.
1289 650 1382 711 libros

314 756 344 803 et
356 741 495 803 iuvenilia
509 742 583 802 haec
602 742 632 801 in
654 742 775 803 iuventa
791 743 897 823 prima,
920 734 1033 803 scilicet
1054 743 1129 804 circa
1146 746 1247 806 aetatis
1266 746 1382 807 XXXV

314 856 439 911 annum,
453 833 490 896 ab
504 838 543 899 U.
561 836 596 897 C.
611 838 681 913 746,
698 834 786 896 edita.

356 931 417 990 Iam
430 929 552 991 demum
563 928 753 991 verisimilius
765 941 886 1010 tempus
899 941 1026 990 statuere
1037 950 1208 1012 possumus,
1223 951 1284 1014 quo
1299 933 1381 993 Naso

316 1022 483 1085 Heroidum
500 1021 641 1105 epistulas
658 1021 770 1104 publici
790 1022 861 1083 iuris
875 1022 992 1099 fecerit;
1008 1043 1081 1106 quas
1099 1045 1168 1086 curn
1184 1046 1254 1087 sane
1268 1040 1381 1088 mature

315 1116 494 1192 incohasset‚
526 1136 579 1199 per
604 1114 768 1191 intervalla,
799 1117 829 1176 in
854 1117 1074 1199 componendis
1102 1117 1205 1201 elegiis
1232 1139 1335 1194 vacua,
1364 1141 1382 1180 a

316 1212 448 1273 Corinna
464 1210 500 1272 ad
515 1209 667 1271 obulosos
679 1211 866 1293 antiquarum
881 1209 1058 1273 feminarum
1074 1232 1191 1273 amores
1203 1212 1382 1295 transfugie-

315 1304 375 1380 bat,
391 1325 463 1389 quas
478 1304 514 1367 de
524 1304 690 1367 amantibus
699 1304 782 1387 queri
794 1301 926 1386 fingebat
938 1310 968 1365 et
980 1305 1021 1365 eis
1033 1304 1206 1368 absentibus
1221 1326 1318 1367 moras
1330 1320 1381 1367 aut

315 1398 412 1460 lentos
433 1418 548 1459 amores
568 1396 752 1481 exprobrare.
776 1398 864 1459 Certe
885 1411 953 1459 ante
973 1399 1121 1460 Amorum
1142 1400 1306 1461 editionem
1329 1401 1381 1464 has

314 1492 459 1575 prodiisse
473 1491 688 1556 illustrissimus
702 1489 754 1553 ille
766 1491 851 1552 locus
866 1490 965 1569 docet,
979 1513 1040 1576 quo
1058 1512 1159 1555 earum
1171 1493 1238 1555 facit
1255 1494 1380 1555 mentio·

315 1586 617 1662 nem‚Am.,lI,18,
637 1604 696 1664 19:
748 1598 751 1603 “

491 1719 574 1783 Quod
589 1719 659 1786 licet,
675 1730 720 1773 aut
733 1732 802 1774 artes
811 1702 1064 1793 teneriprofitemur
1077 1722 1185 1791 amoris,

493 1805 523 1858 Ei
536 1806 612 1871 mihi,
625 1805 769 1876 praeceptis
780 1822 877 1878 urgeor
890 1806 947 1877 ipse
961 1805 1045 1874 meis;

493 1890 559 1955 Aut,
574 1890 646 1961 quod
659 1888 806 1963 Penelopes
820 1890 906 1945 verbis
917 1890 1041 1946 reddatur
1054 1890 1138 1959 Ulixi,

494 1974 648 2041 Scribimus,
662 1985 712 2029 etc.

357 2102 457 2183 ltaque
486 2100 510 2161 si
534 2113 612 2163 recte
636 2098 813 2181 collegimus
831 2102 958 2162 Amores
983 2101 1058 2161 circa
1075 2121 1188 2162 annum
1204 2104 1263 2180 746
1284 2101 1382 2163 editos

317 2186 397 2269 esse,
415 2193 494 2254 haud
513 2193 653 2277 procula
673 2213 745 2254 vero
767 2192 942 2255 aberraverit
962 2195 1145 2277 quicumque
1164 2194 1312 2277 Epistulas
1330 2193 1382 2256 ali·

316 2302 461 2373 quantum
474 2301 541 2349 ante
553 2302 671 2370 tempus
687 2288 747 2348 iam
760 2286 896 2369 vulgatas
909 2288 1091 2351 existimarit.

355 2383 394 2444 At
408 2381 596 2443 doctissimus
608 2383 696 2457 Jahn,
713 2380 859 2442 diversam
872 2383 1049 2443 sententiam
1063 2381 1217 2465 amplexus
1233 2395 1263 2443 et
1277 2383 1379 2458 tuitus,

315 2488 445 2558 poetam,
475 2495 543 2536 cum
568 2474 650 2537 illam
676 2475 802 2557 elegiam
823 2475 858 2536 ad
881 2477 1014 2537 Macrum
1037 2476 1129 2551 daret,
1149 2477 1180 2537 in
1201 2475 1382 2538 Heroidibus

316 2568 477 2631 scribendis
490 2570 616 2631 maxime
628 2582 776 2630 versatum
791 2588 854 2630 esse
870 2583 970 2630 censet
982 2589 1089 2653 easque
1101 2590 1180 2631 anno
1193 2588 1251 2648 749
1261 2583 1311 2632 aut
1323 2586 1383 2647 750

316 2664 406 2725 editas
423 2674 450 2739 ¹;
481 2664 529 2724 cui
557 2662 745 2724 eruditissimi
772 2664 828 2723 viri
853 2664 992 2745 opinioni
1020 2676 1189 2726 reverenter
1217 2684 1381 2747 repugnare

316 2757 422 2818 ausim.
450 2758 609 2818 Enimvero
641 2755 723 2839 quod
750 2770 840 2838 poeta
865 2777 972 2817 vocem
1004 2756 1159 2818 Scribimus
1186 2760 1216 2817 in
1246 2772 1382 2840 tempore

316 2852 464 2935 praesenti
477 2848 623 2924 adhibuit,
640 2869 701 2909 non
717 2849 784 2910 ideo
802 2848 884 2910 verbi
897 2850 943 2910 vis
958 2850 1027 2911 satis
1047 2850 1153 2911 docere
1174 2852 1247 2911 mihi
1267 2851 1383 2912 videtur

317 2957 496 3026 occupatum
515 2944 685 3026 praesertim
703 2956 776 3003 tunc
797 2942 1014 3025 componendis
1044 2943 1103 3005 illis
1134 2948 1204 3006 Esse
1224 2945 1380 3007 Ovidium.

317 3039 453 3100 Strictam
469 3038 557 3097 nimis
572 3050 601 3098 et
615 3036 739 3117 rigidam
753 3038 1027 3120 interpretationem
1040 3038 1126 3098 istam
1141 3039 1289 3114 existimo,
1306 3037 1384 3099 libe-

316 3132 377 3193 rius
397 3151 468 3192 vero
489 3129 702 3211 intellegendas
722 3150 786 3191 esse
803 3131 978 3192 huiusmodi
997 3152 1087 3192 voces
1107 3153 1124 3192 a
1144 3147 1231 3214 poeta
1247 3132 1383 3215 quolibet

317 3239 486 3307 usurpatas3
506 3223 634 3305 ideoque
647 3237 676 3284 et
694 3244 729 3284 ex
738 3223 830 3285 verbo
845 3223 897 3285 illo
912 3224 1067 3287 Scribimus
1077 3245 1181 3308 parurn
1196 3239 1304 3287 certam
1319 3225 1382 3286 fieri

317 3318 542 3380 conclusionem
561 3316 733 3378 crediderim
754 3332 784 3379 et
798 3319 899 3400 potius
917 3319 946 3379 in
967 3340 1076 3401 genere
1092 3335 1121 3381 et
1139 3320 1258 3401 poetico
1277 3319 1381 3395 modo,

315 3412 392 3473 sicut
404 3412 520 3493 saepius
529 3411 655 3493 reperire
665 3424 720 3483 est,
734 3424 869 3494 tempore
882 3402 1029 3494 praesenti
1042 3415 1196 3474 Nasonem
1205 3434 1293 3475 usum
1304 3434 1379 3475 esse.

315 3512 419 3588 Neque
445 3507 476 3565 in
495 3503 656 3567 verborum
678 3524 756 3566 nexu
781 3519 811 3567 et
833 3508 864 3567 in
890 3508 1055 3567 carminum
1075 3507 1197 3568 historia
1222 3509 1382 3590 quicquam

314 3600 476 3676 invenitur,
492 3619 553 3682 quo
567 3600 656 3675 Jahni
668 3600 741 3660 ratio
757 3599 962 3661 confirmetur.
984 3601 1069 3673 Quin
1088 3602 1177 3661 etiam
1195 3600 1238 3661 illi
1256 3600 1381 3683 refraga-

315 3705 363 3753 tur
375 3713 456 3769 sane‚
474 3693 555 3775 quod
568 3694 627 3753 iarn
640 3707 706 3755 tum
724 3691 859 3755 absoluta
876 3708 905 3755 et
923 3693 1041 3777 vulgata
1058 3694 1211 3756 exstabant
1225 3695 1263 3755 A.
1280 3694 1382 3756 Sabini

315 3787 455 3862 carmina,
472 3785 578 3869 quibus
590 3786 638 3848 hic
652 3786 687 3847 ad
699 3785 803 3849 Ovidii
816 3786 966 3869 Epistulas
977 3788 1109 3848 virorum
1122 3789 1245 3849 nomine
1258 3778 1382 3870 respon·

349 3976 371 4009 1.
388 3962 410 4023 J.
430 3962 499 4025 Jahn.
525 3962 560 4010 Dc
578 3962 656 4010 Ouidii
677 3967 699 4010 el
723 3962 804 4011 Sabini
820 3964 882 4025 epist.
906 3964 1048 4027 Disputatio.
1069 3964 1169 4027 Lipsiae,
1186 3962 1305 4011 Teubner.
1328 3963 1380 4025 Jos.

317 4036 419 4085 Heuwes
430 4038 501 4085 editas
510 4050 564 4087 ante
576 4054 597 4087 a.
611 4051 655 4101 752
672 4054 714 4103 pro
725 4050 789 4087 certo
801 4050 895 4088 tanturn
906 4040 983 4099 habet,
996 4047 1030 4102 op.
1039 4040 1088 4098 cii,
1101 4054 1125 4103 p.
1140 4040 1178 4099 38.
