3159 5017
206 610 365 691 quicquam
381 609 508 669 occurrit
521 608 663 682 insolens,
679 621 728 668 aut
743 608 926 683 arcessitum,
944 619 994 668 aut
1008 628 1045 668 ex
1057 607 1272 689 antiquioribus

206 716 398 783 usurpatum3
421 701 549 763 Ovidius
566 702 646 761 enirn
669 702 810 763 acerrima
826 720 897 761 sane
916 702 1028 783 ingenii
1045 700 1156 776 indole,
1176 700 1226 761 sed
1244 715 1273 761 et

206 795 307 855 multis
319 795 435 870 litteris,
449 809 477 855 et
493 796 527 855 iis
539 795 661 877 quidem
677 795 837 855 reconditis
848 796 1072 878 exquisitisque,
1088 795 1117 856 id
1130 814 1271 855 consecu-

206 902 253 949 tus
267 903 312 949 est
326 903 357 949 ut
371 890 447 949 inter
461 908 566 948 omnes
578 887 638 948 fere
649 902 750 969 poetas
763 886 853 949 latine
862 888 1033 970 loqueretur
1042 887 1270 969 elegantissime.

207 984 288 1042 Inest
302 1002 421 1065 quoque
439 984 468 1042 in
488 984 551 1042 eius
566 1001 703 1043 sermone
722 980 853 1062 pondus,
871 983 977 1063 vixque
993 1002 1087 1041 unum
1104 995 1133 1043 et
1147 980 1272 1042 alterum

207 1075 308 1135 afferre
319 1077 415 1157 possis
425 1076 549 1136 verbum
565 1075 701 1145 fractum,
718 1074 873 1156 languens,
890 1074 1070 1149 redundans,
1084 1076 1116 1135 in
1131 1094 1191 1157 quo
1204 1094 1271 1156 pro·

207 1170 360 1249 prietatem
376 1169 543 1244 desideres;
564 1168 661 1251 qualia
678 1170 708 1227 in
729 1169 775 1228 his
795 1167 950 1229 versibus:

419 1315 462 1369 Tu
476 1316 543 1369 mihi
556 1316 656 1370 iuratus
671 1331 717 1387 per
727 1316 839 1370 numina
852 1316 940 1369 nutris
949 1332 1059 1386 aquosae.

986 1399 1034 1461 111,
1051 1415 1092 1470 53.

418 1486 451 1539 Et
467 1502 572 1539 mecum
582 1486 670 1556 fugias
685 1502 752 1558 quae
766 1484 814 1539 tibi
826 1483 923 1539 dantur
935 1500 1009 1555 opes.

945 1570 994 1635 Ila,
1011 1568 1053 1635 56.

420 1655 476 1709 Aut
487 1654 565 1709 rutilo
577 1656 647 1708 missi
659 1652 779 1708 fulminis
790 1654 853 1726 igne
867 1670 977 1708 cremer.

933 1738 984 1804 Ila,
1000 1738 1043 1804 64.

248 1875 386 1957 Singulos
396 1896 498 1937 versus
511 1878 534 1936 si
549 1877 696 1937 severiore
710 1876 820 1937 iudicio
833 1877 976 1958 exagitare
987 1875 1116 1948 libuerit,
1129 1873 1272 1956 quaedam

208 1969 380 2029 huiusmodi
404 1969 491 2031 verba
513 1990 618 2052 parum
640 1968 736 2030 sobria
756 1970 891 2051 siccaque
916 1971 1114 2050 reperiemus,
1137 1981 1165 2027 et
1186 1987 1273 2047 saepe

207 2064 234 2137 J.
256 2062 291 2123 C.
311 2063 460 2145 Scaligero
482 2064 685 2137 assentiemur,
707 2064 769 2145 qui,
793 2082 911 2125 versum
931 2060 1015 2125 illum
1038 2062 1181 2145 indicans,
1204 2060 1270 2120 Hel.

208 2154 293 2236 epist.
312 2156 410 2229 XVII,
427 2174 494 2233 107,

455 2316 482 2371 Si
496 2328 521 2371 te
533 2316 665 2383 vidissem,
681 2316 782 2387 primus
792 2316 824 2369 de
835 2315 908 2371 mille
920 2316 1021 2382 fuisses,

208 2462 349 2523 exclamat
364 2463 558 2540 sollemniter,
578 2467 661 2525 Poet.
679 2466 731 2537 Vl,
746 2484 772 2523 c.
793 2464 848 2525 Vll
866 2484 873 2524 z
889 2487 904 2521 e
918 2463 967 2524 hic
984 2462 1154 2546 plusquam
1170 2483 1272 2522 mona-

209 2556 298 2616 chalis
315 2570 369 2617 est.
391 2581 406 2613 s>
432 2557 490 2618 Sed
511 2559 540 2618 in
564 2570 644 2617 tanta
661 2558 749 2617 huius
769 2570 874 2637 poetae
903 2555 1039 2617 facilitate
1063 2571 1092 2617 et
1117 2556 1273 2617 festinante

207 2651 377 2731 scriptione,
396 2652 446 2732 qui
471 2650 535 2711 fieri
565 2652 661 2733 potuit
688 2664 720 2710 ut
748 2670 838 2711 voces
856 2651 966 2731 passim
985 2651 1203 2732 inopportunae
1223 2662 1273 2708 aut

209 2758 433 2826 supervacantes
454 2764 515 2805 non
531 2745 713 2805 exciderint?

247 2836 293 2896 Ad
305 2838 471 2918 augendam
481 2837 562 2897 latini
575 2838 720 2899 sermonis
731 2838 847 2918 copiam
862 2836 989 2896 inventis
999 2835 1152 2898 vocabulis
1162 2835 1272 2918 aliquid

209 2930 365 2991 conferunt
376 2930 535 3011 Epistulae,
552 2932 621 3013 quia
636 2933 665 2990 in
676 2930 836 2991 verborum
847 2951 902 2989 usu
916 2931 1187 3011 sententiarumque
1200 2950 1271 2989 con-

207 3023 383 3084 formatione
396 3025 476 3083 Naso
490 3023 613 3085 feliciter
629 3044 697 3084 sane
713 3024 811 3085 audet.
830 3027 917 3084 Hunc
932 3024 1012 3083 enim
1028 3025 1108 3084 iuvat
1121 3023 1243 3083 nomina
1257 3044 1273 3082 a

208 3115 320 3197 vulgari
338 3137 421 3177 more
440 3132 569 3177 avertere
589 3131 617 3177 et
635 3119 710 3178 inter
729 3138 759 3177 se
783 3115 962 3178 insolentius
982 3117 1116 3198 iungere,
1135 3129 1167 3177 ut
1183 3136 1272 3175 voces

209 3224 332 3270 novatae
354 3230 416 3270 esse
433 3210 596 3271 videantur.
619 3214 655 3271 Et
677 3212 751 3271 mihi
771 3210 892 3293 quidem
919 3210 955 3271 de
978 3210 1127 3271 Ovidiana
1147 3210 1177 3269 in
1200 3212 1271 3269 Her.

208 3302 348 3383 Epistulis
361 3318 420 3365 arte
434 3318 548 3365 tantum
567 3304 741 3386 disceptanti
756 3303 892 3385 exempla
902 3304 1005 3364 omnia
1018 3303 1155 3385 colligere
1171 3322 1274 3383 super-

208 3416 370 3456 vacaneum
392 3410 487 3473 esset;
511 3417 603 3478 pauca
622 3411 720 3458 tamen
746 3398 820 3457 haec
841 3398 946 3457 referre
970 3397 1100 3477 proderit
1127 3421 1133 3457 :
1160 3396 1273 3477 antiqui

208 3490 341 3549 Nestoris
354 3489 423 3570 (pro
437 3490 531 3572 senis)
549 3492 572 3567 l,
592 3494 648 3569 633
666 3492 769 3577 viduas
783 3511 900 3565 manus,
916 3492 940 3566 l,
960 3510 1005 3559 10,
1022 3490 1060 3551 cf.
1080 3493 1104 3565 l,
1122 3494 1171 3564 81,
1187 3491 1271 3563 XIX,

210 3584 263 3659 693
280 3584 361 3643 venit
373 3582 443 3665 (pro
456 3583 516 3665 est)
532 3604 625 3660 amor,
641 3585 694 3659 IV,
714 3605 761 3662 19,
780 3584 817 3645 cl.
835 3585 920 3658 XlIl,
938 3602 992 3645 102
1004 3606 1013 3659 ;
1026 3597 1071 3644 est
1081 3582 1203 3665 aliquid,
1219 3585 1272 3657 Ill,

212 3695 278 3753 131,
295 3678 348 3751 IV,
365 3696 421 3755 293
440 3678 521 3759 quod
540 3691 571 3738 tu
587 3698 648 3738 non
668 3698 758 3753 esses,
775 3681 827 3753 IX,
851 3681 925 3753 1063
948 3677 1007 3739 hoc
1024 3677 1083 3739 illic
1101 3678 1206 3737 Medea
1217 3676 1272 3751 fui,

209 3788 287 3829 nova
300 3783 391 3850 nupta
408 3770 487 3853 quod
502 3771 552 3831 hic
567 3784 622 3845 est,
641 3774 711 3846 Xll,
729 3791 785 3849 ²73
805 3773 900 3832 littera
919 3771 990 3854 (pro
1004 3769 1145 3853 epistula)
1157 3772 1223 3839 XV,
1244 3790 1273 3845 1,-

209 3864 291 3936 XVI,
323 3884 391 3941 340,
414 3866 525 3939 XVlll,
554 3881 608 3939 r5;
634 3866 773 3927 formosis
799 3874 874 3947 posse
903 3885 999 3925 carere
1031 3863 1271 3945 (circumlocutio

209 3955 362 4041 frequens)
377 3960 473 4033 XVII,
491 3978 539 4039 99,
557 3958 595 4020 cf.
614 3961 665 4035 IV,
685 3963 750 4035 168,
766 3962 806 4034 V,
823 3962 872 4034 86,
884 3960 968 4035 XIII,
984 3962 1032 4035 62,
1047 3961 1096 4038 76,
1116 3960 1183 4032 160,
1199 3957 1268 4035 XX,
