3159 5017
639 501 820 568 ...pp-..1

186 644 266 685 nam
281 622 362 685 illam
376 638 525 687 amentem
539 624 704 689 effinxerat:
720 626 849 710 itaquae
864 626 1051 698 nuntius-aut
1067 625 1215 703 nutricula
1228 626 1259 690 in

195 720 345 801 tragoedia
369 718 531 794 referebat,
551 718 583 780 in
605 720 731 802 epistula
756 720 936 781 narrationis
951 720 1257 805 formam-recipiunt3

187 832 269 895 -quae
281 814 311 873 in
326 811 444 895 dialogo
458 832 602 895 personae
611 813 820 896 disputabant,
841 832 907 875 uno
917 814 1142 896 argumentandi
1155 830 1259 878 tenore

194 920 400 987 exponuntur3
414 926 489 989 quac
501 906 659 969 tumidiore
671 928 720 968 ore
729 907 850 977 eaedem
861 907 1061 991 delitigabant,
1076 909 1258 995 hicquoque

188 1000 307 1061 ardenti
335 1000 448 1083 impetn
469 1018 522 1083 per
541 1000 769 1063 exclamationes
794 1000 968 1063 efferuntur.
995 1002 1076 1074 Quid
1097 1001 1206 1085 plura?
1226 1004 1258 1065 Si

189 1095 330 1169 ,conivens
345 1108 375 1155 et
388 1093 512 1175 fingas'a
532 1094 643 1156 duabus
663 1097 797 1176 personis
819 1096 933 1158 recitari
954 1093 1105 1178 epistulas,
1128 1111 1179 1158 aut
1201 1117 1257 1157 res·

187 1189 358 1269 .ponsiones
371 1187 519 1249 interdum
536 1188 703 1250 remissiore
715 1208 790 1250 voce
809 1188 871 1251 dari
891 1210 979 1271 quam
998 1203 1031 1250 ut
1044 1190 1080 1251 ad
1094 1210 1179 1253 aures
1193 1204 1258 1251 tuas

189 1282 376 1363 perveniant,
396 1281 474 1342 haud
493 1280 527 1343 ab
542 1282 687 1363 opinione
709 1283 765 1344 hac
788 1282 958 1359 abhorreas,
985 1283 1097 1345 scilicet
1119 1283 1257 1361 feminas,

191 1374 293 1457 quales
305 1374 444 1450 Phaedra,
459 1372 634 1450 Hermione,
646 1377 763 1453 Medea,
776 1379 1021 1459 Hypermestra,
1039 1397 1074 1438 ex
1081 1380 1260 1459 tragicorum

191 1466 298 1528 fabulis
311 1483 463 1551 usurpatas
471 1488 545 1531 esse.

233 1561 295 1623 Hac
308 1583 365 1645 ego
379 1577 479 1624 mente
494 1564 553 1625 iam
567 1562 701 1641 disserui,
716 1577 748 1624 ut
759 1563 947 1646 intellegatur
961 1564 997 1625 ad
1010 1564 1136 1647 primam
1150 1564 1258 1626 horum

195 1655 358 1717 carminum
383 1656 595 1739 cogitationem
627 1656 791 1739 impulsum
815 1656 1032 1740 tragoediarum
1050 1657 1179 1720 lectione
1210 1673 1261 1720 aut

194 1750 411 1832 compositione
434 1770 497 1811 esse
516 1752 687 1811 Ovidium:
712 1771 787 1834 quae
808 1753 908 1833 magni
923 1749 1031 1812 laboris
1050 1766 1137 1835 atque
1152 1751 1259 1815 arduae

193 1842 411 1925 disceptationis
431 1857 474 1904 est
495 1846 639 1927 quaestio.
659 1846 699 1905 At
724 1846 798 1908 mihi
814 1844 936 1927 quidem
956 1860 986 1905 et
1005 1846 1057 1906 has
1075 1844 1216 1927 epistulas
1230 1860 1259 1907 et

192 1938 321 1999 carmina
340 1937 398 1999 iam
418 1936 532 1999 abhoc
552 1940 658 2020 scripta
683 1939 812 2000 intuenti
834 1937 1027 2001 confirmatur
1046 1959 1079 2001 ea
1096 1940 1256 2016 sententia,

189 2031 271 2114 quod
291 2032 398 2093 eodem
424 2031 485 2092 fere
504 2046 651 2113 tempore,
674 2052 734 2115 quo
754 2032 901 2093 Heroides
922 2032 1103 2115 compositae
1122 2047 1191 2094 sunt
1208 2048 1260 2095 aut

190 2124 279 2207 paulo
294 2139 372 2201 ante,
385 2126 415 2185 in
430 2125 592 2208 tragoediis
607 2126 764 2187 tractandis
789 2127 870 2187 hunc
886 2140 1034 2187 versatum
1056 2147 1120 2187 esse
1143 2128 1256 2209 accepi·

190 2239 268 2295 mus,
283 2238 338 2279 nec
353 2238 422 2279 sane
442 2220 579 2281 transitus
595 2220 631 2280 ad
648 2240 761 2282 novum
774 2221 913 2281 carminis
925 2241 1020 2301 genus
1034 2220 1194 2302 impeditus
1207 2236 1258 2283 aut

188 2310 297 2393 longus
309 2323 385 2387 erat;
402 2312 541 2394 ideoque,
559 2327 591 2374 ut
605 2333 755 2389 summam
771 2314 923 2396 opinionis
938 2313 1078 2384 indicem,
1093 2313 1199 2375 Medea
1209 2314 1258 2376 illa

191 2405 294 2479 Ovidii
314 2405 496 2487 principium
514 2418 543 2467 et
561 2406 628 2467 fons
648 2406 764 2468 videtur
787 2426 851 2467 esse
871 2407 950 2466 unde
972 2406 1118 2468 Heroides
1137 2407 1256 2469 effluxe-

189 2511 268 2559 runt.

231 2594 276 2652 De
293 2592 349 2653 hac
373 2593 522 2675 tragoedia
541 2593 629 2655 firmo
649 2593 758 2655 iudicio
776 2594 852 2654 nihil
873 2594 1066 2675 pronuntiare
1085 2614 1254 2678 possumus,

190 2706 280 2769 quam
307 2700 476 2769 temporum
512 2688 601 2749 series
627 2688 791 2769 posteritati
826 2687 983 2763 inviderit3
1010 2688 1143 2770 alioquin
1177 2689 1256 2750 haud

192 2777 316 2841 dubium
330 2793 375 2841 est
386 2782 459 2863 quin
474 2780 504 2841 in
513 2780 564 2842 illa
573 2782 719 2843 rationem
735 2780 957 2862 deprehendere
974 2794 1003 2841 et
1015 2779 1140 2842 definire
1154 2803 1255 2864 posse·

189 2892 268 2949 mus,
284 2893 342 2956 qua
362 2873 558 2935 dramaticum
578 2874 699 2955 aliquod
716 2893 825 2955 poema
840 2874 871 2935 in
890 2872 1047 2955 epistulam
1061 2873 1097 2935 ab
1112 2894 1149 2936 eo
1162 2890 1255 2936 trans·

187 2980 359 3027 mutaretur.
383 2968 473 3029 Hunc
492 2966 614 3050 quidem
635 2968 794 3050 tragoediis
811 2987 932 3049 operam
951 2967 1002 3029 diu
1020 2967 1136 3029 dedisse
1156 2969 1255 3051 piures

189 3059 253 3121 eius
268 3060 434 3123 carminum
450 3060 510 3123 loci
527 3061 634 3123 diserte
653 3059 761 3123 docent
776 3075 803 3136 ¹3
821 3061 897 3122 inter
914 3081 987 3144 quas
1002 3061 1108 3123 Medea
1122 3083 1254 3145 praeser-

190 3153 243 3214 tim
272 3153 307 3214 ab
326 3154 455 3237 antiquis
474 3155 672 3236 grammaticis
692 3154 841 3232 laudatur3
864 3174 934 3215 nam
960 3152 1078 3237 Dialogi
1104 3156 1140 3217 de
1166 3157 1250 3217 Orat.

187 3259 301 3321 auctor,
320 3267 345 3308 c.
371 3266 404 3308 12
423 3270 430 3309 :
456 3271 471 3304 c
490 3268 545 3309 nec
562 3248 640 3309 ullus
659 3248 755 3309 Asinii
768 3261 819 3309 aut
833 3245 985 3309 Messallae
1003 3246 1078 3309 liber
1092 3263 1151 3309 tam
1167 3248 1253 3310 illus-

189 3339 240 3400 tris
267 3353 311 3402 est
331 3360 419 3423 quam
441 3340 547 3402 Medea
565 3340 704 3402 Ovidii...
734 3365 749 3399 a
770 3342 835 3401 Nec
858 3341 1005 3421 parciores
1030 3341 1127 3403 eidem
1150 3342 1253 3403 laudes

190 3432 293 3493 tribuit
301 3433 517 3510 Quintilianus,
534 3436 603 3511 X,4
619 3458 633 3492 a
646 3434 747 3496 Ovidii
759 3434 864 3495 Medea
876 3434 994 3496 videtur
1007 3435 1084 3495 mihi
1098 3434 1254 3497 ostendere

187 3539 331 3608 quantum
358 3528 403 3587 vir
422 3526 472 3588 ille
496 3541 641 3608 praestare
664 3527 807 3610 potuerit,
829 3528 853 3587 si
871 3527 995 3608 ingenio
1015 3548 1070 3588 suo
1090 3543 1254 3610 temperare

187 3640 277 3701 quam
299 3619 454 3703 indulgere
475 3620 637 3683 maluisset.
656 3645 671 3678 a
689 3622 782 3703 Igitur
796 3620 832 3681 ad
850 3619 1072 3681 scribendarum
1089 3622 1255 3683 Heroidum

188 3713 403 3795 cogitationem
420 3713 588 3796 impulsum
606 3714 826 3797 tragoediarum
840 3714 1012 3776 tractatione
1028 3734 1091 3775 esse
1106 3714 1253 3776 Ovidium

191 3806 358 3867 existimare
371 3806 450 3868 licet.

227 4025 250 4058 r.
268 4012 334 4070 Am„
347 4013 378 4059 11.
393 4014 429 4070 18,
444 4026 486 4074 133
500 4012 543 4072 111,
558 4028 578 4071 1,
591 4012 634 4075 ὀμ
649 4013 728 4071 Teisa,
742 4014 774 4073 11,
790 4027 843 4074 519,
855 4024 877 4061 et
889 4015 984 4078 passim.
