3159 5017
806 462 968 539 ..43-

394 595 477 671 Quid
491 594 528 659 de
540 595 595 659 ista
609 592 731 659 cuilibet
742 596 888 680 pessimae
905 593 1104 680 comparanda
1117 592 1320 674 translatione,
1334 594 1417 673 XXI,

357 697 434 771 170?

548 824 658 899 Quique
671 838 726 881 erat
740 824 768 880 in
782 825 861 898 palla,
877 826 969 881 transit
983 825 1011 881 in
1024 843 1072 882 ore
1084 826 1175 884 rubor,

393 967 428 1027 In
459 964 609 1047 superiore
634 963 757 1027 Leandri
780 965 871 1047 epist.
897 964 978 1043 loco,
1002 968 1052 1044 85,
1075 985 1201 1028 acumen
1222 965 1335 1037 notavi,
1358 984 1418 1048 quo

352 1059 441 1121 verba
453 1058 557 1119 eadem
572 1072 622 1119 aut
640 1058 746 1119 similia
763 1061 844 1121 Naso
859 1072 970 1121 mutata
990 1060 1136 1121 sententia
1151 1060 1265 1143 iungit3
1284 1079 1341 1121 nec
1358 1079 1419 1121 rara

353 1154 442 1215 huius
457 1153 515 1213 ioci
530 1152 676 1234 exempla,
691 1154 729 1228 ll,
749 1172 803 1227 141
823 1174 831 1213 ε

548 1286 624 1341 Colla
635 1304 753 1359 quoque,
769 1287 859 1343 infidis
869 1288 932 1361 quia
945 1304 974 1343 se
985 1289 1114 1345 nectenda
1124 1288 1227 1344 lacertis

546 1372 736 1440 Praebuerunt,
751 1372 852 1445 laqueis
866 1373 1026 1445 implicuisse
1039 1375 1122 1429 iuvat.

394 1493 511 1557 Peiores
525 1506 625 1554 autem
637 1506 706 1555 sunt
721 1493 750 1554 in
766 1494 874 1555 eodem
885 1492 1034 1557 vocabulo
1046 1495 1197 1577 argutiae:

423 1627 475 1682 Sed
489 1626 581 1683 merita
594 1640 621 1682 er
632 1626 742 1696 famam,
759 1645 907 1702 corpusque
917 1629 1092 1702 animumque
1103 1629 1231 1701 pudicum

423 1712 495 1767 Cum
508 1711 577 1785 male
591 1712 760 1785 perdiderim,
775 1714 883 1785 perdere
897 1714 976 1769 uerba
988 1713 1047 1769 leve
1059 1727 1108 1769 est.

421 1882 518 1949 Verba,
534 1881 599 1955 quid
613 1881 738 1949 exsultas,
752 1895 798 1937 tua
810 1882 832 1937 si
842 1883 909 1937 mihi
924 1883 1004 1939 verba
1012 1798 1163 1938 dddlelrbbt?

1096 1968 1170 2034 XXI,
1187 1982 1248 2038 123.

390 2092 495 2175 Neque
514 2112 548 2152 ea
564 2092 603 2152 ita
624 2090 742 2174 disputo
762 2105 795 2153 ut
813 2092 986 2174 pravissima
1007 2113 1125 2175 semper
1142 2094 1227 2154 istius
1250 2093 1333 2154 modi
1353 2113 1417 2153 esse

351 2187 487 2247 acumina
508 2185 705 2261 contendam3
728 2205 798 2246 nam
819 2186 926 2248 accidit
946 2185 1104 2269 aliquando
1123 2200 1157 2247 ut
1177 2186 1238 2247 fere
1259 2185 1418 2247 tolerabilis

350 2278 500 2341 translatio
515 2279 553 2340 sit
567 2301 575 2341 r

564 2424 709 2501 Quamque
721 2426 786 2499 lapis
798 2426 883 2494 sedes,
899 2439 955 2483 tarn
967 2426 1033 2499 lapis
1044 2426 1101 2500 ipsa
1114 2426 1162 2482 fui.

562 2594 683 2650 Flamma
693 2596 750 2668 rogi
761 2594 884 2652 flammas
899 2595 974 2653 finiet
989 2614 1042 2652 una
1056 2513 1139 2651 medii
1157 2524 1199 2580 5⁰·

1082 2681 1156 2748 XVI,
1173 2678 1233 2747 164.

389 2803 693 2867 Animadvertendum
721 2824 841 2889 quoque
866 2819 912 2866 est
936 2806 1202 2887 agnominatione¹
1231 2806 1348 2888 saepius
1374 2805 1418 2866 uti

350 2898 506 2975 Ouidium,
522 2899 573 2981 qui
593 2912 707 2981 tropus,
726 2899 756 2959 in
777 2919 915 2959 sermone
931 2900 980 2961 vix
994 2897 1167 2982 probabilis,
1185 2900 1217 2959 in
1235 2898 1415 2960 carminibus

349 2992 462 3054 luctum
482 3005 511 3052 et
529 3011 693 3053 maerorem
714 2992 806 3052 animi
825 2991 1046 3054 effundentibus
1064 2993 1183 3075 ineptus
1201 3012 1265 3053 esse
1286 2992 1413 3053 omnino

349 3086 466 3147 videtur
482 3108 490 3147 z
711 3076 717 3087 ’

438 3231 573 3289 Victorem
589 3231 673 3287 victae
683 3231 852 3287 succubuisse
865 3249 973 3304 queror.

935 3316 983 3381 IX,
999 3332 1026 3371 a„

412 3398 416 3407 '
438 3400 554 3456 Verbera
568 3417 630 3456 cum
643 3400 731 3456 verbis
743 3401 826 3455 mista
837 3399 911 3455 suere
924 3401 1001 3455 meis.

961 3485 997 3552 X,
1016 3486 1058 3556 38.

438 3570 476 3625 Ut
486 3568 590 3625 caderet
601 3569 673 3625 cuitu
687 3569 774 3625 cultor
785 3570 818 3625 ab
829 3569 886 3643 ipse
899 3586 958 3625 suo.

931 3653 991 3720 XII,
1007 3668 1051 3707 20.

439 3738 509 3793 Hinc
520 3754 606 3803 amor,
620 3738 682 3793 hinc
695 3739 775 3793 timor
789 3751 828 3793 est
844 3756 850 3793 :
866 3739 955 3811 ipsum
967 3738 1048 3792 timor
1061 3750 1139 3811 auget
1154 3754 1283 3793 amorem.

1244 3822 1304 3888 XII,
1315 3820 1361 3893 63.

381 4001 403 4037 1.
421 3987 456 4036 De
466 4002 555 4052 agnem.
565 3986 626 4037 Vide
638 3988 681 4037 Rb.
698 3986 736 4035 Aa
745 3989 840 4049 Herem,
854 3988 897 4049 IV,
908 4003 947 4039 ar.
