3159 5017
767 494 927 552 -60..

316 640 369 699 743
385 622 516 685 lacrimas
533 625 592 684 hoc
607 625 681 684 mihi
695 633 781 706 paene
798 641 899 685 movet
914 624 1103 705 (adverbium
1125 645 1179 706 pro
1198 624 1384 686 substantivo

315 716 477 797 positum),
495 718 607 791 XVlll,
627 719 693 777 180.

355 810 438 870 Adde
460 824 566 869 novata
583 824 632 870 aut
647 812 776 891 primum
793 811 825 870 in
840 812 945 892 poesin
959 811 1078 872 inducta
1093 812 1172 872 haud
1190 832 1283 893 pauca
1296 831 1382 872 voca·

316 902 403 977 bula3
426 904 474 963 cui
500 904 666 985 quaestioni
691 902 890 965 enucleandae
916 906 1048 987 egregias
1071 926 1155 965 curas
1175 904 1385 985 impenderunt

316 996 504 1056 eruditissimi
522 998 587 1072 viri,
608 998 685 1057 inter
701 1017 777 1078 quos
797 998 929 1058 eminent
949 1000 980 1058 F.
1001 999 1035 1058 C.
1060 999 1219 1080 Hultgren,
1236 1001 1264 1074 J.
1280 1000 1381 1071 Favre,

315 1090 351 1149 A.
368 1092 496 1169 Draeger
510 1103 538 1150 et
553 1091 772 1150 recentissimus
785 1093 820 1151 E.
837 1092 923 1151 Linse
940 1107 962 1166 ¹,
979 1091 1053 1151 adeo
1065 1106 1097 1152 ut
1113 1105 1230 1152 censeat
1244 1092 1303 1164 hic,
1319 1112 1349 1172 p.
1364 1112 1383 1164 4

318 1207 331 1237 a
349 1196 461 1264 praeter
479 1197 592 1243 ceteros
604 1198 723 1265 poetam
737 1183 969 1245 Sulmonensem
984 1184 1198 1246 vocabulorum
1210 1200 1382 1245 novatorem

316 1296 379 1337 esse
391 1275 573 1337 uberrimum
589 1277 719 1337 eundem
732 1276 961 1360 felicissimeque
977 1278 1129 1338 audacem.
1148 1303 1163 1334 »
1182 1279 1259 1339 Nam
1272 1293 1384 1361 praeter

316 1371 439 1431 nomina
461 1390 567 1430 canum
585 1384 613 1430 et
631 1390 789 1453 equorum,
809 1371 845 1431 ab
865 1392 970 1432 eorum
989 1371 1146 1432 virtutibus
1165 1386 1216 1432 aut
1235 1370 1384 1433 coloribus

316 1461 451 1535 deducta,
464 1478 492 1524 et
504 1465 626 1524 nomina
642 1466 759 1545 propria
774 1479 862 1546 atque
875 1466 1018 1526 adiectiva
1028 1464 1167 1547 plurima,
1179 1466 1384 1547 patronymica

316 1557 472 1637 praecipue
489 1571 517 1617 et
532 1558 661 1631 ethnica,
680 1558 825 1617 vocabula
846 1560 876 1617 in
892 1558 1071 1619 Heroidibus
1088 1579 1198 1619 novem
1216 1573 1245 1618 et
1263 1559 1383 1641 quadra·

316 1651 396 1731 ginta
408 1665 515 1710 novata
525 1650 645 1733 collegit
655 1651 899 1731 diligentissimus
909 1653 964 1725 vir,
978 1662 1020 1735 op.
1036 1652 1097 1726 cil,
1110 1673 1139 1733 p.
1156 1654 1265 1729 26-573
1277 1650 1383 1734 quibus

317 1744 406 1803 etiarn
427 1744 493 1804 addi
515 1758 640 1824 possunt
660 1752 745 1819 actor,
773 1765 861 1804 sensu
881 1747 1013 1826 propri0,
1040 1748 1063 1819 l,
1087 1761 1137 1823 95,
1158 1746 1239 1828 quod
1260 1745 1382 1818 omittit,

317 1836 429 1917 refugus
456 1852 484 1898 et
508 1844 617 1911 retento,
646 1839 774 1920 quaein
799 1840 1068 1920 Metamorphosesi
1094 1840 1226 1919 primum
1254 1837 1384 1899 exhibita

318 1931 405 1990 Linse
420 1931 498 1990 haud
514 1945 592 1991 recte
605 1946 698 2014 putat.
733 1993 735 1995 ,

359 2027 391 2084 ln
405 2025 550 2084 novandis
563 2024 717 2085 vocabulis
729 2027 873 2107 quaedam
888 2026 1148 2087 animadvertenda
1163 2040 1242 2100 sunt,
1259 2044 1333 2107 quae
1347 2025 1383 2085 ad

318 2131 395 2177 recte
421 2118 633 2177 aestimandam
658 2118 760 2179 Ovidii
780 2121 811 2178 in
835 2119 1052 2199 componendis
1083 2118 1264 2179 Heroidibus
1292 2132 1383 2178 artem

318 2210 395 2271 haud
413 2209 485 2271 levis
507 2213 591 2292 pretii
610 2227 688 2271 sunt.
710 2214 831 2272 Etenim
849 2227 969 2294 apparet
982 2233 1043 2272 non
1062 2212 1161 2273 solum
1180 2214 1308 2273 inventis
1328 2211 1384 2273 illis

317 2304 465 2385 eleganter
473 2304 665 2365 conformatis
676 2307 814 2365 eximiam
822 2306 910 2365 huius
921 2321 1026 2388 poetae
1038 2307 1173 2367 narrandi
1183 2306 1383 2388 pingendique

316 2396 483 2457 facultatem
501 2398 663 2478 plurimum
682 2398 812 2458 adiutam
831 2419 906 2473 esse,
925 2398 976 2458 sed
997 2400 1087 2460 etiam
1107 2399 1165 2459 illis
1183 2399 1327 2460 Ovidium
1345 2400 1383 2459 ita

316 2511 402 2550 usum
416 2511 479 2551 esse
495 2505 538 2563 ut,
556 2515 570 2547 a
586 2512 656 2551 cum
669 2493 764 2552 adhuc
778 2493 810 2551 in
825 2492 916 2573 elegis
930 2508 1085 2574 poetarum
1100 2506 1192 2553 aetate
1205 2494 1382 2573 praeceden-

315 2586 402 2658 tium,
422 2583 540 2658 Catulli,
555 2583 677 2659 Tibulli,
694 2587 850 2666 Propertii,
869 2587 993 2666 spondei
1006 2600 1179 2667 superarent
1195 2585 1338 2667 dactylos,
1353 2588 1383 2647 in

317 2679 408 2758 ipsius
422 2678 565 2759 poematis
581 2678 690 2759 dactyli
708 2693 877 2759 superarent
891 2678 1040 2759 spondeos
1055 2693 1077 2739 ².
1094 2704 1109 2735 a

357 2774 390 2831 ln
407 2771 546 2832 struenda
562 2774 718 2847 sententia,
736 2793 812 2853 quae
826 2772 886 2832 lere
901 2786 992 2832 totaa
1008 2773 1099 2833 verbo
1117 2774 1237 2855 pendet,
1255 2774 1383 2833 audacis-

318 2865 427 2925 simum
447 2884 477 2923 se
492 2866 571 2924 Naso
590 2864 721 2945 praebet,
738 2880 767 2926 et
781 2865 861 2926 haud
879 2866 941 2926 scio
961 2886 998 2926 an
1019 2866 1170 2948 quondam
1190 2888 1294 2948 parurn
1312 2887 1384 2948 pure

317 2971 344 3016 et
360 2957 514 3017 emendate
534 2957 688 3040 loquatur3
709 2959 808 3019 nullos
826 2973 925 3020 tamen
944 2959 1138 3020 soloecismos
1156 2962 1187 3019 in
1205 2960 1384 3021 Heroidibus

316 3051 452 3125 inveniri,
467 3065 588 3132 propter
604 3073 679 3134 quos
692 3073 750 3111 una
760 3052 808 3112 vel
821 3052 919 3133 plures
932 3074 1032 3113 earum
1043 3054 1155 3115 Ovidio
1167 3053 1382 3128 abiudicentur,

316 3164 351 3202 ex
381 3146 632 3205 commentatione
659 3148 878 3206 accuratissima
897 3148 990 3228 liquet
1013 3167 1100 3229 quam
1130 3150 1173 3207 De
1195 3166 1309 3206 casuum
1331 3167 1384 3206 usu

317 3236 453 3297 Ouidiano
470 3239 586 3319 scripsit
606 3240 637 3298 P.
664 3242 729 3298 Hau
746 3252 768 3315 ³,
790 3241 830 3299 ita
852 3254 885 3300 ut
898 3240 934 3301 de
954 3241 1009 3300 hac
1029 3260 1059 3299 re
1087 3241 1229 3301 disserere
1246 3260 1383 3321 superva-

316 3350 440 3390 caneum
464 3332 500 3391 sit
526 3344 555 3391 et
581 3333 704 3392 minime
730 3335 886 3415 proposito
915 3348 1019 3394 nostro
1042 3334 1313 3395 accommodatum.
1339 3334 1384 3393 Ad

347 3560 368 3591 1,
387 3546 412 3593 F.
428 3545 456 3592 C.
469 3546 500 3593 H.
516 3546 604 3594 Obseru.
621 3548 721 3593 metricae
732 3548 756 3593 in
765 3549 949 3610 poetas-elegiacos
963 3550 1055 3595 Graecos
1066 3554 1086 3595 ct
1099 3550 1185 3603 latinos,
1200 3549 1300 3611 Lipsiae,
1318 3550 1386 3611 1871·

315 3635 353 3681 72,
378 3632 399 3667 et
419 3622 461 3668 Dis
482 3620 575 3668 Techuik
593 3623 634 3668 der
650 3632 706 3669 rom.
731 3624 824 3669 Dichter
844 3625 869 3669 in
887 3626 983 3687 epischen
999 3625 1046 3671 und
1065 3624 1182 3686 elegischcn
1211 3625 1334 3681 Versmass,
1360 3625 1385 3671 in

316 3696 462 3743 Fleckeiseni
475 3699 564 3757 annal,
576 3709 593 3745 t.
610 3713 663 3760 107,
678 3701 745 3761 1873,
759 3716 782 3762 p.
795 3712 838 3761 745
853 3714 922 3762 sqq.;
936 3701 959 3761 J.
971 3701 998 3748 F.
1012 3700 1046 3747 De
1063 3701 1142 3747 Ouidio
1153 3708 1261 3758 novatore,
1276 3708 1311 3762 op.
1326 3701 1364 3747 cit.
1377 3714 1382 3754 ;

315 3772 345 3822 A.
373 3774 403 3821 D.
425 3774 484 3820 Ouid
499 3775 532 3819 als
555 3773 733 3835 Sprachlrildner,
754 3790 832 3837 progr.
852 3791 936 3837 gymn.
955 3776 1100 3834 Auricensr's,
1118 3778 1191 3836 1888,
1211 3779 1238 3825 E.
1257 3778 1286 3824 L.
1307 3777 1340 3823 De
1355 3780 1385 3825 P·

320 3849 400 3894 Ouidio
412 3849 565 3895 uocabulorum
576 3850 697 3904 incentore,
711 3850 861 3906 Tremoniae,
877 3852 944 3913 1891.

353 3939 374 3971 2.
394 3924 472 3980 Linse,
485 3933 518 3985 op.
533 3926 582 3983 cit,
594 3941 616 3986 p.
631 3940 667 3985 59.

351 4014 372 4061 3.
392 3999 537 4056 Monasterii,
553 4000 620 4059 1884,
636 4016 678 4059 142
693 4017 715 4065 p.
730 4002 767 4049 Cf.
782 4002 910 4062 Tolkiehn,
922 4012 955 4065 op.
967 4020 978 4049 c
988 4009 1015 4058 t.,
1029 4020 1052 4067 p.
1070 4006 1182 4063 104-108.
