3159 5017
644 519 804 579 ..29-

191 629 279 692 fuisse
313 642 429 693 constat
445 646 469 693 ¹.
499 632 591 717 Atqui
621 635 784 695 tenendum
808 649 852 697 est
876 635 955 697 haud
977 657 1069 719 parvo
1093 652 1122 702 et
1143 637 1258 721 vulgari

192 739 368 786 ornamento
387 725 528 808 Epistulis
547 747 611 789 esse
632 728 684 788 has
703 730 885 791 narrationes
905 750 940 791 ex
962 732 1087 792 historia
1107 745 1135 793 et
1152 731 1257 793 fabulis

191 819 339 899 repetitas,
356 839 426 881 cum
445 821 566 902 ingenio
582 821 703 903 quidem
719 843 773 884 suo
791 836 953 905 temperare
972 826 1052 886 Naso
1066 825 1154 887 valet.
1177 828 1258 887 Haec

193 913 273 973 enim
291 913 424 974 doctrina
442 913 622 998 singularem
642 914 721 977 illam
743 917 924 978 inventionis
942 917 1061 979 laudem
1082 918 1177 995 fulcit,
1201 940 1260 1002 qua

192 1020 279 1087 poeta
292 1006 398 1068 miram
415 1028 609 1090 personarum
629 1010 878 1094 ingeniorumque
894 1013 1066 1073 varietatem
1086 1014 1116 1074 in
1133 1013 1179 1074 his
1198 1034 1258 1074 car·

192 1099 323 1161 minibus
335 1102 498 1183 excogitat3
514 1123 588 1185 quae
596 1116 676 1165 tanta
684 1117 728 1165 est
738 1119 770 1166 ut
780 1105 917 1167 omnium
930 1126 1023 1188 prope
1033 1107 1257 1183 condicionum,

191 1194 321 1275 exceptis
342 1195 518 1277 virginibus,
542 1211 673 1259 amantes
691 1198 816 1259 feminas
839 1199 1067 1261 enumeraverit.
1091 1200 1257 1261 Similiores

193 1308 262 1348 sane
281 1289 356 1349 inter
373 1309 403 1349 se
423 1289 488 1351 illae
504 1305 585 1367 sunt,
603 1306 635 1353 ut
648 1310 722 1373 quae
737 1292 869 1354 eiusdem
887 1293 946 1354 sint
957 1292 1084 1355 familiae
1102 1307 1132 1354 et
1151 1314 1257 1355 omnes

191 1382 299 1442 amoris
325 1383 396 1464 iugo
422 1381 580 1460 obnoxiae,
604 1397 633 1445 at
652 1385 783 1447 diversae
802 1399 914 1461 tamen,
940 1399 1084 1469 quantum
1114 1388 1257 1470 cuiusque

190 1475 301 1536 ferebat
321 1489 421 1537 natura
438 1490 468 1537 et
489 1476 681 1559 epistularum
701 1478 838 1540 brevitas.
855 1480 956 1550 Quam
976 1479 1157 1541 multiforme
1174 1482 1257 1541 enim

191 1568 302 1630 incedit
326 1590 452 1632 uxorum
478 1590 597 1653 agmen,
623 1571 699 1632 inter
724 1593 797 1655 quas
822 1572 941 1633 fidelem
975 1573 1200 1656 modestamque
1225 1574 1256 1635 in

192 1662 353 1744 Penelope,
378 1664 561 1746 impudicam
590 1666 620 1725 in
647 1666 789 1742 Phaedra,
814 1666 911 1727 inviso
940 1667 1071 1728 iunctam
1097 1668 1203 1727 marito
1224 1669 1256 1727 in

191 1757 367 1833 Hermione,
381 1757 538 1819 sollicitam
551 1758 587 1819 de
604 1758 686 1821 rivali
699 1759 888 1841 invidamque
901 1760 931 1819 in
950 1760 1098 1835 Deianira,
1112 1760 1255 1841 trepidam

191 1850 227 1910 de
250 1849 385 1911 bellantis
404 1850 460 1911 viri
476 1852 536 1913 vita
557 1853 587 1913 in
605 1852 773 1929 Laodamia,
797 1853 846 1913 vix
868 1853 1058 1915 matrimonio
1080 1854 1211 1914 iunctam
1228 1867 1257 1915 et

191 1945 279 2005 morti
291 1964 345 2026 pro
362 1946 490 2027 coniuge
505 1961 709 2008 occurrentem
724 1948 754 2007 in
767 1949 1013 2029 Hypermnestra,
1031 1946 1160 2032 denique
1173 1947 1256 2009 leno·

192 2038 276 2097 ciniis
291 2038 422 2099 deditam
438 2039 555 2122 iamque
572 2040 716 2101 adulterio
732 2054 861 2122 paratam
874 2041 905 2100 in
923 2041 1036 2101 Helena
1053 2042 1132 2102 Naso
1145 2041 1254 2122 pinxit!

191 2132 285 2214 Magis
313 2134 402 2193 etiam
428 2134 594 2216 variegatus
619 2148 662 2195 est
686 2134 855 2216 puellarum
876 2148 1020 2195 castarum
1040 2135 1256 2217 praecipueque

193 2224 370 2287 incestarum
404 2227 523 2302 chorus,
559 2249 642 2309 quas,
675 2249 713 2289 ne
742 2228 893 2289 fastidiosa
927 2227 1030 2289 evadat
1061 2228 1256 2304 enumerati0,

191 2320 439 2400 praetermittam3
458 2320 517 2381 hoc
534 2334 649 2383 tantum
664 2322 780 2397 addam,
804 2323 914 2383 mirum
934 2341 1053 2403 prorsus
1067 2340 1132 2381 esse
1149 2325 1257 2403 quanta

190 2412 301 2494 ingenii
323 2412 457 2475 ubertate
477 2416 628 2477 materiam
650 2415 742 2492 illam,
766 2436 802 2477 ex
824 2416 934 2475 amoris
955 2415 1045 2495 spreti
1070 2414 1256 2498 neglectique

189 2520 238 2567 aut
252 2507 408 2569 desiderati
422 2509 548 2591 querelis
558 2523 587 2570 et
594 2509 747 2571 doloribus
762 2523 922 2591 sumptam,
938 2528 992 2591 per
1000 2522 1045 2569 tot
1052 2504 1193 2589 epistulas
1206 2509 1256 2569 hic

189 2600 352 2677 deduxerit,
368 2615 397 2663 et
407 2602 632 2679 narrationibus,
647 2601 1088 2686 descriptionibusinventisque
1101 2602 1256 2669 scribentis

191 2694 333 2778 cuiusque
355 2695 450 2757 indoli
475 2697 543 2757 satis
561 2697 806 2774 accommodatis,
833 2716 886 2778 per
907 2695 1125 2757 diversissimos
1150 2715 1254 2756 sensus

188 2787 370 2872 affectusque
385 2789 559 2852 distinxerit.
1057 2808 1063 2816 '

230 2881 264 2943 ln
279 2883 435 2944 tractandis
450 2884 531 2945 enim
546 2884 729 2967 singularum
745 2884 912 2948 Heroidum
927 2883 1107 2965 argumentis
1117 2882 1254 2944 flexibilis

190 2974 302 3057 ingenii
318 2978 455 3059 sagacitas
469 2992 497 3039 et
512 2977 669 3059 singularis
684 2998 728 3039 ars
741 2975 815 3039 adeo
829 2978 930 3053 enitet,
949 2989 982 3037 ut
997 2978 1027 3036 in
1040 2977 1255 3057 praestantissi-

190 3070 246 3130 mis
261 3070 363 3131 Ovidii
378 3071 559 3132 carminibus
570 3071 752 3133 inventionis
765 3071 903 3132 felicitate
913 3071 987 3131 haec
997 3070 1055 3131 sint
1073 3070 1255 3131 numeranda

190 3175 220 3222 et
233 3186 247 3219 e
264 3163 294 3223 in
310 3164 393 3225 tenui
411 3164 493 3225 labor
506 3178 518 3206 2
533 3189 547 3222 n
562 3163 801 3248 splendidissime
815 3164 989 3247 triumphet.

230 3256 398 3318 Procedunt
412 3258 492 3319 enirn
508 3272 681 3341 argumenta
695 3258 789 3320 fusius
802 3258 954 3340 explicata,
974 3258 1060 3339 copia
1072 3270 1102 3318 et
1114 3257 1253 3339 gravitate

191 3350 401 3413 sententiarum
421 3352 639 3427 commendata,
660 3350 767 3435 quibus
785 3351 833 3413 vel
854 3350 1020 3413 levissimae
1041 3371 1086 3412 res
1107 3349 1253 3411 illustren-

191 3454 248 3518 tur,
273 3457 303 3505 et
324 3464 373 3516 eas
394 3465 455 3506 non
482 3446 632 3506 arcessitas
657 3459 708 3507 aut
733 3444 829 3507 multo
858 3443 957 3507 labore
985 3444 1170 3527 disquisitas,
1200 3443 1252 3503 sed

187 3534 415 3620 benignissimae
434 3538 547 3623 ingenii
567 3558 659 3600 venae
679 3537 780 3600 obvias
799 3538 891 3600 fuisse
911 3537 1001 3599 dicas.
1023 3539 1056 3596 In
1076 3536 1252 3597 exornandis

188 3628 382 3711 epistularum
412 3631 657 3713 explicationibus
681 3632 806 3693 exsultat
836 3630 910 3692 illud
936 3630 1044 3693 decens
1070 3642 1099 3690 et
1124 3627 1251 3690 amabile

188 3722 354 3805 ingenium,
373 3724 453 3808 q'uod
473 3723 504 3785 in
521 3724 633 3786 Ovidio
654 3725 765 3787 Seneca
779 3739 873 3808 pater,
893 3722 913 3785 l.
934 3725 972 3799 ll,
990 3742 1016 3785 c.
1040 3740 1092 3798 10,
1110 3720 1251 3796 laudavit,

221 3896 243 3930 1.
260 3883 375 3949 Juppiter,
388 3884 512 3933 Dardanus
523 3884 722 3947 (Erichthonius),
734 3883 803 3944 Tros,
816 3882 874 3942 llus,
889 3882 1032 3941 Laomedon,
1046 3880 1162 3966 Priamus,
1174 3880 1250 3929 Paris.

188 3958 343 4099 n'if'vlih,
357 4034 436 4099 cmg.
450 4034 494 4098 ru,
505 4032 528 4085 6.
