3159 5017
303 632 525 647 .............
543 609 637 663 sequar
651 592 712 647 atris
724 592 829 665 ignibus
841 594 944 659 absens,

299 675 331 729 Et
343 692 406 730 cum
418 675 513 747 frigida
528 693 599 730 mors
614 678 704 731 anima
719 678 851 732 seduxerit
863 690 943 744 artus,

299 759 434 813 Omnibus
449 761 543 821 umbra
556 760 620 815 locis
635 760 724 827 adero,
741 763 825 823 dabis,
840 763 970 835 improbe,
987 780 1096 835 poenas.
1155 794 1158 798 ·

216 888 249 945 Irr
276 885 423 946 Ovidiana
446 898 545 945 autem
572 886 734 947 imitatione
762 888 883 947 evanuit
911 887 961 947 ille
987 889 1123 948 incitatus
1150 890 1240 948 animi

173 992 287 1051 motuS,
315 991 344 1039 et
372 978 506 1060 frigidius
537 978 686 1061 effingitur
708 980 827 1055 inflatis,
856 1001 959 1061 parum
989 983 1063 1062 aptis
1091 982 1240 1063 etiamque

175 1070 407 1132 redundantibus
416 1070 515 1132 verbis
525 1072 645 1153 coniugis
657 1072 776 1155 deceptae
786 1072 886 1155 imago.
899 1073 1030 1155 Simplex
1041 1088 1070 1134 et
1078 1075 1241 1135 vehemens

176 1166 341 1225 commotio
357 1164 570 1226 candidissimis
589 1165 712 1227 vocibus
728 1167 807 1247 apud
825 1167 990 1248 Vergilium
1009 1170 1153 1249 erumpit,
1172 1188 1240 1228 cum

175 1279 227 1339 per
239 1257 400 1319 ludibrium
417 1260 533 1319 Aeneae
544 1258 634 1319 fidem
654 1273 682 1319 et
695 1261 835 1341 pietatem
845 1249 969 1343 exagitat
984 1260 1073 1336 Dido,
1090 1263 1142 1336 lV,
1160 1279 1213 1337 597
1232 1284 1239 1322 ι

302 1432 576 1447 ................
597 1392 636 1446 En
652 1393 742 1447 dextra
757 1393 875 1465 fidesque

299 1476 390 1538 Quem
401 1493 492 1530 secum
506 1478 604 1547 patrios
617 1478 692 1531 aiunt
704 1491 808 1549 portare
820 1492 937 1548 penates,

299 1560 390 1624 Quem
404 1560 513 1615 subiisse
525 1562 624 1615 umeris
635 1560 787 1616 confectum
799 1575 883 1617 aetate
897 1576 1043 1633 parentem.

214 1691 363 1751 Gravitate
378 1705 477 1751 autern
495 1705 523 1751 et
535 1690 642 1751 affectu
656 1690 768 1752 laborat
784 1692 924 1767 Ovidius,
941 1712 1010 1754 cum
1023 1714 1126 1773 parum
1143 1714 1239 1775 pressa

175 1784 309 1843 oratione
324 1783 468 1844 exclamat
484 1807 491 1845 ι

298 1917 350 1973 Sed
361 1934 447 1989 neque
460 1916 512 1971 fers
528 1930 626 1984 tecum,
644 1935 703 1985 nec,
719 1935 786 1990 quae
797 1919 873 1984 mihi,
891 1919 997 1990 perfide,
1013 1921 1102 1986 iactas,

298 2002 453 2057 Presserunt
467 2018 573 2057 umeros
587 2020 658 2056 sacra
669 2015 796 2074 paterque
809 2016 884 2069 tuos;

176 2160 231 2200 nec
246 2140 428 2200 considerate
440 2140 557 2201 Aeneae
569 2142 678 2201 umeris
691 2155 720 2201 et
732 2154 845 2223 patrem
861 2155 890 2201 et
902 2162 982 2202 sacra
995 2142 1084 2203 simul
1099 2144 1238 2223 imponit.

215 2233 383 2315 Vergiliana
409 2233 487 2295 Dido
516 2234 745 2314 simplicissimis
772 2248 802 2295 et
830 2235 938 2295 exactis
964 2236 1061 2297 verbis
1090 2238 1241 2317 praeterita

176 2324 321 2387 beneficia
333 2340 561 2402 commemorat,
578 2329 656 2389 Aen.
675 2329 726 2402 IV,
746 2346 798 2406 373
822 2350 828 2388 ε

375 2500 683 2517 ..................
701 2462 814 2515 eiectum
824 2461 911 2527 litore,
923 2475 1046 2533 egentem

370 2544 477 2616 Excepi,
490 2558 516 2599 et
528 2546 603 2617 regni
615 2547 727 2599 demens
739 2546 767 2599 in
780 2560 853 2617 parte
863 2546 957 2601 locavi.

216 2674 365 2734 Ovidiana
391 2695 463 2735 vero
480 2673 637 2750 subtilius,
662 2674 767 2750 fusius,
800 2696 855 2736 nec
881 2675 943 2736 sine
967 2690 1085 2737 tumore
1108 2677 1189 2738 addit
1212 2698 1242 2737 se

176 2769 307 2827 Aeneam
328 2792 343 2823 a
364 2766 503 2828 fluctibus
525 2769 654 2828 eiectum
673 2782 735 2829 tuta
753 2770 880 2830 statione
898 2771 1043 2850 recepisse
1059 2784 1088 2830 et
1101 2771 1149 2829 vix
1166 2769 1241 2831 bene

176 2860 277 2921 audito
291 2862 413 2921 nomine
428 2881 518 2943 regna
531 2861 573 2921 illi
587 2861 704 2922 dedisse
721 2886 748 2921 a.
980 2853 989 2861 “

216 2956 268 3013 Est
282 2956 371 3014 etiam
388 2953 439 3015 ubi
458 2956 591 3036 impensa
604 2975 667 3015 esse
682 2954 818 3015 videatur
833 2956 936 3017 Ovidii
953 2975 1043 3038 opera
1059 2971 1091 3017 ut
1109 2958 1242 3017 minutiis

176 3046 380 3129 Vergilianum
400 3048 570 3129 exemplum
593 3048 785 3130 distingueret
806 3070 813 3108 ε
833 3050 872 3109 ita
886 3048 1032 3130 templum
1055 3051 1190 3131 Sychaeo
1211 3051 1242 3110 in

177 3141 308 3202 Aeneide
321 3155 476 3215 sacratum,
493 3143 544 3217 IV,
558 3160 628 3219 459,

371 3290 519 3345 Velleribus
532 3290 614 3345 niveis
629 3304 654 3345 et
667 3290 734 3345 festa
749 3291 845 3345 sronde
854 3292 1009 3356 revinctum,

179 3417 213 3479 ab
237 3419 349 3480 Ovidio
373 3419 606 3482 redundantibus
630 3435 678 3482 aut
704 3421 803 3481 minus
828 3419 1061 3501 significantibus
1091 3419 1244 3480 vocabulis

179 3528 429 3574 commemoratur
447 3536 453 3573 :

374 3647 521 3719 Oppositae
533 3646 640 3701 frondes
653 3647 803 3720 velleraque
815 3647 873 3702 alba
885 3660 987 3720 tegunt.

220 3773 357 3854 Denique
372 3792 575 3854 quaecumque
588 3774 703 3854 epicam
719 3774 900 3834 maiestatem
914 3772 992 3856 apud
1004 3772 1170 3854 Vergilium
1183 3774 1244 3853 spi-

180 3878 255 3939 rant,
272 3866 308 3926 ab
323 3866 435 3927 Ovidio
449 3866 635 3947 franguntur,
652 3880 681 3927 et
690 3880 878 3941 enervantur,
896 3881 924 3927 et
939 3867 1080 3927 orationis
1095 3861 1245 3926 coloiibus

180 3959 279 4040 potius
294 3958 416 4019 diversis
429 3980 515 4042 quam
531 3961 649 4035 exactis,
664 3957 781 4035 sobriis,
798 3959 903 4020 vividis
915 3959 1012 4021 verbis
1027 3958 1242 4039 exprimuntur,
