3159 5017
644 553 681 581 ι’.
707 552 740 615 31
765 570 807 582 ..-

236 665 292 727 Sed
311 668 462 730 Nasonem
481 669 649 730 extrarecti
668 668 742 729 fines
761 654 945 731 abstrahebat
963 668 1036 731 mira
1057 661 1106 731 illa
1121 669 1257 742 facilitas,

192 779 251 843 qua
265 775 364 823 mente
381 762 543 823 sententiae
560 761 726 839 effluerent,
747 762 875 845 ideoque
893 763 922 822 in
940 764 1080 845 opposita
1094 762 1259 825 virtutibus

191 854 261 915 vitia
274 854 338 936 ipse
346 855 517 931 ducebatur.
528 857 606 919 Cum
615 857 704 938 igitur
713 865 807 917 vena'e
817 854 982 938 benignitas
991 876 1061 918 eum
1071 857 1100 917 in
1112 856 1259 921 luxuriam

190 946 349 1031 aliquando
363 946 519 1040 abriperet,
536 949 676 1012 effectum
693 962 737 1011 est
753 963 786 1011 ut
801 969 911 1031 paucae
933 949 1077 1032 epistulae
1092 951 1124 1011 in
1139 950 1258 1032 longius

190 1040 333 1104 deductae
351 1044 521 1127 sint3'quae
539 1043 663 1126 pravitas
687 1044 716 1104 in
735 1042 951 1125 posterioribus
971 1044 1130 1126 praecipue
1153 1044 1256 1127 (XVI,

190 1136 274 1223 ¹XVII
291 1137 374 1221 sqq.)
388 1137 504 1199 videtur
519 1137 773 1219 reprehendenda.
792 1140 870 1199 Nam
884 1138 953 1220 quia
968 1136 1042 1200 ultra
1053 1137 1178 1211 modum
1192 1136 1258 1215 illae

190 1229 398 1307 extenduntur,
417 1232 574 1317 remittitur
591 1232 682 1293 animi
701 1222 841 1309 attentio,
861 1232 912 1314 qui
932 1232 1145 1293 sententiarum
1164 1230 1257 1309 affec-

191 1323 335 1415 tuumque
360 1324 467 1386 robore
486 1325 645 1387 ·immorari
674 1324 760 1401 solet,
793 1325 913 1386 inanem
942 1346 1013 1387 vero
1048 1323 1284 1386 verbositatem*

190 1431 372 1497 aspernatur.
389 1420 478 1502 Atqui
492 1439 561 1481 cum
575 1420 667 1495 Nasu,
684 1418 866 1480 lascivientis
876 1419 988 1502 ingenii
1004 1420 1117 1501 impetu
1132 1417 1259 1495 ablatus,

190 1530 251 1571 non
266 1511 379 1573 iudicio
393 1512 562 1590 cohibetur,
573 1513 769 1595 cogitationes
784 1512 913 1574 nimium
929 1526 1102 1575 extenuatae
1113 1513 1255 1588 evadunt,

190 1605 257 1687 quia
269 1607 418 1688 graviores
430 1627 476 1668 res
490 1606 649 1682 deficIunt‚
665 1607 705 1667 ita
719 1620 752 1667 ut
763 1625 868 1667 sensus
883 1607 1166 1689 commotionesque
1182 1626 1262 1687 pon·

192 1697 260 1759 dere
284 1698 436 1763 laborenn
457 1700 770 1763 Huiusmodi'vitium
802 1700 833 1760 in
862 1698 1090 1761 absolutissimis
1124 1698 1257 1782 epistulis

191 1806 328 1874 apparet3
359 1794 444 1877 quale
475 1794 677 1877 deprehendas
703 1795 735 1854 in
759 1793 860 1856 Penel.
889 1795 912 1869 I,
943 1787 1010 1869 116,
1042 1814 1117 1877 quae
1141 1793 1256 1855 lentum

191 1885 310 1948 Ulixem
323 1882 470 1972 obiurgat,
487 1890 636 1972 instatque
650 1888 698 1949 his
712 1886 836 1949 verbis:

258 2072 262 2079 .
333 2074 335 2079 ,
348 2022 474 2079 Protinus
488 2035 517 2077 ut
527 2022 627 2089 redeas,
642 2021 709 2089 sacta
721 2020 832 2075 videbor
846 2036 928 2085 anus;

188 2160 238 2208 aut
252 2146 283 2207 in
297 2146 400 2210 Ariad.
417 2150 456 2223 X,
472 2130 522 2228 23,
539 2168 613 2231 quae
630 2146 718 2229 paulo
736 2144 868 2228 argutius
884 2143 1018 2226 querelas
1032 2163 1099 2206 suas
1120 2143 1253 2226 exponit,

190 2260 261 2323 quas
274 2260 403 2303 concava
415 2261 481 2303 saxa
495 2240 655 2303 reddebant
670 2263 678 2303 ε

348 2374 381 2430 Et
391 2376 515 2449 quotiens
526 2392 577 2449 ego
590 2388 625 2443 te,
640 2375 736 2429 totlens
748 2373 822 2428 Iocus
837 2372 892 2445 ipse
906 2372 1018 2427 vocabat
1032 2390 1038 2426 :

349 2460 408 2533 Ipse
419 2460 493 2521 locus
504 2461 615 2515 miserae
625 2458 691 2514 ferre
703 2458 811 2514 volebat
823 2474 913 2530 opem.
951 2506 955 2511 ,
1022 2507 1026 2514 .

226 2584 297 2645 Inde
312 2584 346 2646 lit
360 2600 393 2647 ut
405 2586 520 2667 saepius
539 2586 632 2660 Naso,
649 2583 817 2645 scholastici
835 2580 951 2643 artificii
965 2599 1092 2655 memor,
1113 2580 1143 2641 in
1158 2578 1254 2642 decla·

185 2679 352 2740 mationum
368 2680 567 2761 garrulitatem
588 2676 716 2753 decidat,
737 2677 817 2738 etin
837 2675 1038 2737 controversia
1056 2687 1105 2735 aut
1125 2674 1254 2735 suasoria

184 2786 282 2854 partes
305 2772 463 2841 defendere
485 2772 628 2833 videatur.
656 2771 810 2842 Quoniam
829 2769 908 2831 enim
931 2769 962 2829 in
983 2787 1084 2829 amore
1101 2780 1255 2829 versantur

186 2866 352 2929 Heroidum
370 2865 523 2948 epistulae,
540 2867 641 2927 nescio
657 2883 718 2948 quo
734 2878 823 2947 pacto
840 2862 919 2923 illius
937 2862 1167 2938 controversiae,
1184 2863 1254 2925 Sen.

185 2961 222 3035 II,
243 2980 290 3032 10,
307 2984 322 3016 n
338 2958 657 3021 IusIurandum‘mariti
675 2972 704 3018 et
721 2957 822 3017 uxoris
838 2980 853 3013 a
872 2956 1016 3017 memoria
1032 2975 1119 3036 saepe
1135 2975 1254 3017 revoca·

184 3067 241 3115 tur.
259 3054 336 3115 Nam
350 3054 422 3137 quid
441 3053 523 3115 aliud
539 3054 598 3135 agit
614 3052 789 3127 Hermione,
813 3070 882 3111 cum
902 3049 1003 3111 Oresti
1022 3048 1147 3130 explicat
1164 3069 1253 3131 quam

184 3148 299 3229 optimo
315 3147 377 3209 iure
392 3168 434 3224 se,
449 3147 476 3208 ei
491 3147 623 3229 primum
637 3144 830 3228 desponsam,
847 3142 934 3204 liceat
949 3161 1071 3203 uxorem
1090 3141 1250 3216 vindicare,

182 3242 264 3329 vili,
285 3244 341 3320 31?

344 3374 389 3429 Me
400 3374 448 3429 tibi
460 3372 626 3447 Tyndareus,
643 3373 697 3427 vita
708 3373 797 3445 gravis
809 3382 902 3426 auctor
914 3382 939 3424 et
951 3370 1038 3436 annis,

343 3458 464 3513 Tradidit
482 3476 487 3512 ε
504 3458 641 3513 arbitrium
653 3458 740 3529 neptis
750 3455 863 3511 habebat
875 3472 949 3509 avus.

342 3544 379 3599 At
393 3557 465 3615 pater
479 3544 576 3598 Aeacio
587 3542 744 3615 promiserat
757 3541 857 3596 inscius
871 3541 937 3605 acti3

344 3628 406 3683 Plus
418 3636 535 3701 quoque,
549 3629 593 3700 qui
609 3629 680 3700 prior
694 3641 734 3682 est
747 3626 849 3693 ordine,
866 3637 956 3696 posset
970 3640 1045 3678 avus.

221 3755 321 3836 Atque
342 3754 400 3815 hoc
420 3773 477 3837 ego
501 3752 672 3834 exemplum
695 3750 811 3823 rettuli,
834 3763 866 3811 ut
888 3747 1075 3829 intellegatur
1094 3747 1124 3807 in
1143 3744 1250 3827 prioris

189 3848 277 3909 etiam
292 3847 382 3929 partis
397 3846 531 3929 epistulis
551 3839 696 3908 Ovidium
712 3842 839 3926 argutari
855 3855 884 3902 et
903 3841 1116 3902 scholasticum
1133 3858 1248 3899 morem

187 3960 248 4001 non
272 3938 350 4001 male
368 3940 485 4001 imitari.
506 3940 584 4001 Nam
604 3939 627 4001 si
644 3937 679 3999 ad
693 3939 751 3999 XX
768 3936 855 4020 epist.
871 3949 900 3996 te
917 3935 1034 4009 referas,
1055 3932 1252 4016 ingeniosum

185 4034 217 4095 P.
235 4032 370 4095 Latronis
387 4031 568 4115 discipulum
582 4030 744 4093 declamare
758 4044 856 4112 putes,
878 4043 944 4103 145,
967 4044 1019 4105 151
1035 4046 1103 4109 sqq.
1122 4048 1129 4088 ε
