3159 5017
614 497 779 559 „47-

179 629 184 637 '
208 615 266 678 Sed
279 615 379 677 nescio
393 636 430 677 an
442 616 472 677 in
485 616 531 677 his
542 615 613 699 ipsis
623 616 697 679 Iocis
710 624 814 699 par'um
826 622 994 699 opportune
1007 616 1234 699 Ioco'indulgeat

169 724 274 792 poeta3
292 724 369 771 certe
382 710 517 771 acumina
533 710 669 793 cupidius
688 724 784 792 captat
799 724 828 771 et
843 730 929 793 saepe
947 725 1106 793 argutatur.
1124 713 1158 775 In
1173 712 1233 773 hoc

167 824 274 886 genere
287 824 393 865 omnes
409 803 568 865 verbomm
582 804 664 865 lusus
684 824 719 864 ex
739 802 970 887 Heroidumore
980 805 1127 888 excipies,
1142 806 1232 867 etiarn

169 918 237 959 cum
256 896 343 959 dolor
362 898 496 960 animum
512 912 638 981 occupat
655 912 683 959 et
700 898 872 981 gravissima
891 898 1001 959 Instant
1022 898 1171 982 pericula;
1194 900 1233 959 ita

169 992 295 1068 Canace,
312 992 500 1055 tremendum
514 1006 615 1075 partus
632 1006 750 1075 tempus
766 990 1017 1070 commemorans,
1030 991 1130 1055 'verbis
1149 992 1233 1054 lasci·

169 1086 223 1162 vit,
237 1088 291 1163 XI,
304 1106 342 1165 49
358 1109 365 1148 :

306 1229 401 1294 Nescia
414 1254 481 1311 quae
494 1237 590 1293 faceret
602 1237 704 1294 subitos
716 1234 784 1293 mihi
796 1255 875 1294 causa
886 1239 1002 1307 dolores,

307 1324 341 1378 Et
356 1324 429 1379 rudIs
442 1320 475 1379 ad
485 1336 575 1397 partus
583 1336 609 1379 et
624 1318 694 1379 notia
707 1322 782 1378 mlles
795 1340 878 1380 eram.

208 1462 361 1524 Contraria
382 1446 535 1533 contrariis
564 1482 718 1545 opponere
747 1463 905 1545 praecipue
930 1462 1058 1548 Ovidius
1083 1463 1183 1545 gestit,
1205 1478 1235 1525 et

171 1557 292 1619 audaces
306 1549 510 1618 translationes
524 1556 645 1617 diversis
661 1556 749 1618 rebus
765 1556 897 1633 adhibet,
910 1557 979 1633 VII,
999 1576 1046 1634 10,
1064 1576 1095 1619 11
1114 1584 1121 1617 z

310 1704 400 1777 Atque
414 1705 486 1760 idern
499 1705 571 1760 venri
584 1702 636 1759 tela
648 1688 783 1777 fidemque
798 1701 891 1760 ferent.

311 1790 406 1845 Certus
418 1806 455 1857 es,
468 1788 568 1857 Aenea,
581 1807 643 1845 curn
657 1788 764 1846 foedere
779 1790 883 1845 solvere
895 1807 984 1845 naves.

209 1928 270 1989 Cur
290 1929 456 2010 graviorem
479 1928 574 1989 Didus
594 1926 734 1999 dolorem¹
753 1928 931 2003 existimem,
953 1929 1038 1989 dum
1053 1928 1236 2011 ingeniosius

170 2022 311 2103 queritur,
329 2018 357 2082 et
370 2036 403 2082 ut
416 2022 455 2082 ait
468 2024 495 2097 J.
514 2022 549 2083 C.
564 2022 705 2104 Scaliger,
720 2024 803 2083 Poet.
820 2024 861 2083 VI
877 2042 903 2083 c.
924 2024 991 2098 VII,
1009 2046 1025 2080 c
1039 2023 1114 2083 inter
1127 2023 1234 2083 Heroi-

169 2114 219 2175 das
247 2114 498 2191 artificiosissime,
526 2117 788 2197 compositissime,
821 2116 989 2193 scitissime,
1014 2114 1235 2198 ¹elegantissime

170 2206 320 2291 quuitur?
334 2210 417 2271 »VIx
425 2208 484 2275 ulla
493 2208 605 2273 dolenti
615 2209 761 2281 fideserit,
774 2230 844 2271 cum
854 2210 1003 2271 moriendi
1016 2209 1235 2271 consiliumilla

172 2316 283 2385 reteget
294 2301 390 2365 verbis
402 2304 545 2365 contrarie
560 2303 669 2381 relatis,
686 2306 751 2379 VII,
769 2306 825 2379 187
840 2326 847 2365 :

311 2450 415 2524 Perque
426 2468 508 2525 genas
519 2450 642 2508 lacrimae
663 2452 785 2507 strictum
796 2451 924 2506 labuntur
935 2451 964 2505 in
978 2468 1079 2520 ensem,

312 2536 368 2600 Qui
383 2536 436 2609 Iam
450 2553 498 2608 pro
510 2536 625 2591 lacrimis
639 2538 767 2609 sanguIne
779 2537 877 2591 tinctus
891 2536 950 2592 erit.

207 2673 362 2761 Translata
388 2688 417 2735 et
439 2670 635 2757 contraposita
655 2672 744 2735 verba
770 2673 887 2735 notabis
906 2694 997 2757 quae,
1019 2662 1058 2734 ,ex
1080 2676 1188 2736 amoris
1207 2689 1236 2736 et

169 2766 305 2845 flammae
325 2766 499 2829 notionibus
521 2782 648 2851 sumpta,
678 2769 824 2851 posterius
845 2768 955 2829 litteras
973 2768 1114 2835 invadent
1135 2783 1164 2836 et
1183 2790 1236 2850 per

169 2860 297 2943 populos
312 2861 490 2937 manabunt3
507 2863 617 2923 interea
632 2854 693 2923 non
709 2862 940 2923 immoderatum
957 2862 988 2923 in
1002 2862 1049 2923 his
1062 2861 1237 2924 adhibendis

170 2974 200 3015 se
214 2968 341 3037 praestat
357 2956 496 3032 Ovidius,
509 2958 577 3031 XII,
597 2958 651 3033 167
669 2978 676 3017 :

347 3102 477 3175 Quaeque
489 3101 559 3157 feros
571 3102 655 3175 repuli
667 3101 750 3159 doctis
765 3088 938 3158 medicaiibus
949 3104 1039 3177 ignes,
1098 3135 1105 3165 :-

345 3188 408 3243 Non
420 3187 498 3243 valeo
512 3188 634 3242 flammas
648 3187 767 3261 effugere
782 3189 838 3261 Ipsa
850 3205 933 3243 meas.

211 3325 344 3386 Leander
357 3345 429 3387 vero
443 3328 556 3387 Borean
564 3326 612 3396 ,sic
625 3327 769 3409 increpat,
785 3328 898 3403 XVIII,
913 3346 949 3403 41
967 3349 974 3389 :

274 3471 343 3528 Tana
358 3473 461 3547 gelidus
472 3473 546 3547 quod
558 3475 602 3540 sis,
617 3492 684 3529 num
696 3486 722 3530 te
736 3473 838 3542 tamen,
851 3475 982 3547 improbe,
994 3474 1131 3547 quondam

273 3558 385 3631 Ignibus
396 3559 502 3614 Actaeis
516 3559 656 3615 incaluisse
671 3560 773 3633 negas?

208 3696 418 3757 Pravissimum
426 3711 526 3758 tamen
540 3717 665 3758 acumen
678 3698 756 3759 idem
769 3697 903 3759 Leander
919 3697 1049 3773 exhibet,
1061 3717 1129 3758 cum
1139 3695 1238 3758 verbis

171 3801 319 3872 argutatur
331 3810 406 3873 quae
419 3791 536 3852 diVerso
550 3811 638 3853 sensu
651 3791 824 3874 achpienda
838 3805 917 3867 sunt,
930 3793 1039 3867 XVIII,
1057 3794 1091 3868 85
1109 3811 1116 3851 r

307 3911 346 3967 Ut
359 3912 451 3984 procul
462 3913 549 3983 aspexi
561 3911 653 3967 lumen
668 3930 675 3967 t
691 3932 705 3963 «
719 3928 796 3967 meus
805 3912 874 3984 ignis
886 3912 914 3966 in
929 3911 977 3967 illo
987 3924 1042 3980 est;

307 3994 356 4051 Illa
368 4012 472 4064 meum,
486 3997 551 4065 diri,
565 3996 647 4063 litora,
655 3996 750 4054 lumen
761 3996 870 4060 habeut.
883 4019 897 4049 s
