3159 5017
637 552 796 613 ,51-

185 686 320 754 possunt,
345 686 563 754 praeceperant,
583 686 719 733 coactum
736 671 827 732 luisse
847 672 1005 746 Ovidium,
1024 686 1055 733 ut
1074 693 1120 733 res
1136 674 1251 754 saepius

185 767 304 827 iamiam
321 764 357 825 ab
373 765 430 825 illis
449 765 609 846 descriptas
626 766 726 826 denuo
744 779 879 826 tractaret
890 764 945 847 (cf.
966 766 1112 847 Zingerle,
1128 777 1170 849 op.
1189 767 1250 841 cit,

185 862 223 934 ll,
246 880 276 941 p.
305 858 460 939 115-118).
481 860 519 918 At
539 858 620 919 nulla
642 879 728 919 causa
747 872 823 932 erat,
847 878 922 941 quae
942 880 1012 919 eum
1031 872 1150 942 cogeret
1171 874 1203 920 ut
1223 873 1252 920 et

185 974 241 1027 res,
265 972 337 1035 quas
357 973 392 1013 ex
409 952 467 1012 illis
488 953 630 1026 hauserit,
648 966 677 1013 et
695 973 752 1026 res,
771 972 843 1034 quas
863 953 927 1033 ipse
942 954 1055 1034 primus
1074 956 1250 1027 tractaverit,

185 1045 338 1127 permultis
354 1045 426 1107 locis
441 1046 480 1106 ita
497 1047 612 1106 iteraret
634 1060 666 1107 ut
687 1066 793 1107 omnes
812 1045 855 1105 illi
874 1066 995 1128 quoque
1015 1045 1070 1106 sibi
1087 1047 1251 1127 responde-

185 1154 259 1201 rent.
283 1164 298 1197 »
319 1141 359 1199 At
371 1138 474 1200 saltem
494 1160 528 1199 ex
542 1152 587 1200 tot
602 1138 857 1214 similitudinibus,
877 1140 954 1200 inter
970 1140 1083 1221 priores
1102 1152 1131 1200 et
1149 1155 1251 1222 poste-

185 1234 276 1295 riores
298 1232 444 1313 Epistulas
466 1231 682 1309 constantibus,
705 1232 826 1293 forsitan
844 1231 984 1313 colligere
1003 1232 1090 1294 liceat
1105 1230 1251 1315 genuinas

185 1347 289 1388 omnes
317 1346 380 1387 esse
407 1326 551 1387 Heroides
579 1345 676 1408 neque
707 1324 855 1386 insulsum
883 1326 1064 1387 imitatorem
1091 1326 1122 1386 in
1148 1327 1251 1388 Ovidii

184 1422 328 1483 rationem
343 1418 491 1481 scribendi
506 1420 634 1479 inserere
649 1439 713 1479 sese
728 1419 768 1479 ita
782 1419 927 1499 potuisse,
942 1433 974 1479 ut
984 1420 1048 1480 eius
1061 1433 1154 1481 artem
1169 1420 1252 1502 quasi

184 1513 220 1574 ad
234 1534 366 1595 unguem
381 1513 569 1595 exprimeret.

223 1608 312 1669 Nunc
329 1608 353 1666 si
376 1606 485 1667 dehoc
509 1606 675 1667 Ovidianae
694 1605 869 1666 imitationis
891 1625 1000 1687 genere
1018 1605 1130 1688 aliquid
1149 1626 1251 1667 exem-

183 1699 238 1781 plis
255 1699 465 1761 confirmatum
483 1700 675 1781 pronuntiare
690 1700 786 1780 cupis,
806 1700 919 1759 intuere
935 1698 1030 1780 qualia
1047 1714 1076 1760 et
1095 1699 1250 1781 quomodo

184 1814 219 1854 ex
235 1792 369 1875 Vergilio
384 1794 432 1853 hic
446 1792 674 1853 adumbraverit.
696 1794 774 1853 Nam
792 1812 828 1851 ex
843 1790 978 1872 plurimis
1000 1793 1056 1852 Vll
1073 1794 1160 1874 epist.
1177 1792 1250 1853 locis

183 1901 302 1969 apparet
322 1886 467 1947 Ovidiunx
489 1906 551 1945 non
582 1884 745 1967 quemlibet
769 1905 863 1945 unum
892 1905 927 1945 ex
960 1887 1039 1967 turpi
1068 1886 1250 1947 imitatorum

183 2000 271 2062 grege
289 2000 364 2055 esse,
385 1980 435 2061 qui
455 1980 524 2040 sicci
547 1979 699 2059 ieiunique
719 1998 754 2038 ex
770 1977 896 2039 aliorum
918 1976 996 2039 felici
1016 1978 1147 2039 ubertate
1163 1981 1250 2040 surri-

183 2076 270 2155 piunt
288 2073 367 2133 unde
388 2071 569 2139 sterilitatem
590 2092 672 2132 suam
689 2070 888 2146 dissimulent,
907 2085 936 2132 et
950 2092 985 2131 ex
1002 2072 1105 2132 alienis
1119 2071 1251 2133 flosculis

183 2181 357 2229 ornamenta
373 2165 460 2226 aridis
477 2166 537 2226 suis
550 2166 664 2246 scriptis
676 2178 870 2245 aucupantur.
892 2167 972 2225 Haec
988 2165 1079 2226 modo
1095 2165 1214 2246 perlege
1241 2187 1247 2225 ε

272 2328 312 2383 Te
329 2326 397 2399 lapis
411 2339 437 2381 et
451 2338 568 2391 montes,
584 2327 727 2396 innataque
737 2325 847 2395 rupibus
860 2325 920 2380 altis

272 2413 388 2478 Robora,
406 2425 431 2466 te
446 2427 537 2465 saevae
552 2426 716 2483 progenuere
728 2408 808 2464 ferae.

767 2494 828 2560 Vll,
843 2509 884 2563 37.

186 2586 188 2590 '
271 2580 403 2653 Coniugis
414 2572 579 2635 ante‘oculos
593 2578 717 2650 deceptae
729 2579 805 2632 stabit
821 2579 912 2649 imago

270 2666 363 2720 Tristis
373 2677 399 2720 et
414 2665 502 2719 effusis
522 2663 725 2736 sanguinolenta
739 2664 857 2718 comis...

827 2747 873 2818 69.

270 2834 322 2891 Sed
335 2851 421 2907 neque
434 2834 484 2889 fers
493 2845 581 2887 tecum
596 2849 655 2897 nec,
671 2831 830 2904 quaemihi,
846 2831 954 2902 perfide,
971 2832 1060 2897 iactas,

271 2921 424 2975 Presserunt
438 2935 544 2973 umeros
558 2934 630 2972 sacra
641 2929 767 2989 paterque
781 2928 877 2971 tuos...

857 3017 901 3073 79·

271 3089 405 3144 Fluctibus
415 3087 529 3143 eiectum
542 3100 599 3141 tuta
610 3087 724 3141 statione
738 3085 837 3157 recepi,

269 3174 373 3245 Vixque
388 3174 454 3227 bene
467 3173 560 3227 audito
578 3172 689 3226 nomine
704 3187 784 3242 regna
799 3170 896 3224 dedi...

856 3254 899 3326 89.

269 3344 314 3398 Est
328 3342 395 3396 mihi
409 3357 558 3397 marmorea
569 3353 685 3395 sacratus
698 3340 725 3393 in
738 3340 804 3394 aede
817 3338 952 3411 Sychaeus
967 3356 973 3390 :

269 3427 415 3500 Oppositae
430 3426 537 3481 frondes
550 3424 697 3497 velleraque
711 3424 770 3477 alba
784 3435 914 3494 tegunt...

855 3524 889 3579 99
904 3524 961 3579 sqq·

222 3664 303 3722 Haec
321 3678 357 3720 ex
381 3657 507 3739 epistula
528 3658 584 3716 Vll
602 3668 738 3736 excerpta
759 3674 828 3715 cum
844 3654 931 3713 variis
950 3652 1101 3712 Aeneidos
1116 3654 1157 3713 lV
1175 3652 1248 3713 locis

181 3758 315 3820 conferre
338 3758 444 3838 possis.
470 3754 546 3815 Vide
572 3756 661 3835 igitur
685 3767 784 3813 utrum
813 3771 911 3812 rerum
931 3748 1047 3811 defectu
1074 3748 1248 3811 laboraverit

181 3855 262 3913 Naso
277 3871 313 3912 an
327 3850 425 3933 potius
438 3849 575 3909 eximiam
591 3847 761 3908 facilitatem
777 3859 806 3907 et
820 3847 907 3906 etiarn
921 3843 1082 3904 ubertatem
1098 3844 1247 3925 propriam

181 3950 358 4010 exhibuerit.
376 3950 465 4023 Nam,
482 3946 644 4007 collatione
658 3943 707 4006 illa
722 3945 807 4020 lacta,
829 3957 943 4004 tantum
957 3940 1108 4024 apparebit
1120 3940 1248 4022 singula-

181 4064 245 4105 rem
260 4042 349 4103 luisse
362 4042 449 4101 huius
464 4040 630 4101 doctrinam
644 4052 672 4099 et
689 4039 749 4099 vim
768 4037 946 4110 memoriae,
973 4054 1044 4117 quas
1058 4033 1248 4106 admirabitur
