3159 5017
320 625 495 687 chritudinis
512 626 655 687 iudicium
675 642 781 686 navem
795 624 831 686 ad
844 624 1002 707 petendam
1015 625 1169 687 Graeciam
1183 612 1388 710 Helenamque

322 722 469 782 struxerit.
484 720 567 793 Quid
580 722 704 782 censes?
718 717 902 780 Diffunditur
917 732 1004 801 poeta
1019 720 1163 781 narrando
1178 740 1262 781 caesa
1276 722 1387 803 pineta,

323 834 439 875 caesam
453 814 557 900 utilem
569 814 715 887 arborem,
730 812 856 895 spoliata
869 813 951 874 silvis
970 814 1110 895 Gargara,
1123 813 1160 875 ab
1173 814 1224 875 Ida
1240 815 1320 875 datas
1331 829 1388 876 tra-

322 906 384 983 bes,
401 906 476 969 flexa
491 906 609 984 robora,
622 920 731 970 textam
756 907 846 968 costis
867 908 995 967 carinam
1009 930 1017 968 z
1031 907 1136 969 eadem
1150 910 1276 969 omnino
1290 909 1388 985 notio,

320 1013 432 1062 mutata
445 1000 543 1063 verba.
557 1002 785 1083 Nonnunquam
799 1001 945 1062 sententia
957 1001 988 1060 in
1001 1001 1239 1063 enumerationes
1254 1001 1388 1078 diluitur,

321 1113 395 1178 quae
408 1114 507 1156 rerum
522 1096 695 1177 gravitatem
711 1093 848 1170 elevam3
862 1095 903 1155 ita
913 1093 1052 1170 Ariadne,
1067 1096 1210 1176 pereundi
1223 1095 1304 1157 mille
1314 1094 1389 1178 figu-

320 1208 366 1249 ras
388 1201 536 1263 metuens,
560 1188 702 1271 quasdam
728 1188 824 1249 otiose
845 1201 1011 1269 percenset,
1036 1190 1076 1265 X,
1095 1190 1131 1268 83
1152 1209 1232 1272 sqq„
1248 1203 1278 1251 et
1289 1189 1388 1272 lupos,

319 1282 433 1355 leones,
447 1282 578 1365 tigridas,
595 1283 718 1364 phocas,
736 1280 851 1363 gladios
872 1295 1028 1343 memorat.

361 1376 395 1437 ln
407 1375 581 1437 huiusmodi
596 1375 669 1438 locis
683 1374 841 1437 artificium
856 1394 1009 1436 summum
1020 1396 1038 1435 a
1051 1389 1140 1457 poeta
1152 1376 1316 1438 exhibitum
1327 1376 1392 1438 ior-

320 1483 396 1531 tasse
411 1470 502 1545 dices,
523 1489 620 1551 neque
647 1470 809 1541 immerito,
831 1470 973 1551 quoniam
1003 1470 1121 1552 elegans
1149 1471 1292 1554 quaedam
1314 1472 1392 1532 inest

321 1562 454 1647 gradatio
470 1577 500 1625 et
518 1562 611 1625 facilis
623 1562 802 1625 abundantia
811 1586 821 1639 ;
838 1563 889 1624 sed
905 1562 972 1623 talia
990 1564 1015 1622 si
1035 1564 1182 1626 severiore
1201 1564 1311 1626 iudicio
1325 1584 1391 1647 per·

323 1656 472 1739 penderis,
489 1676 524 1719 ex
536 1658 690 1718 rhetorum
701 1655 879 1718 umbraculis
888 1656 1008 1717 fluxisse
1018 1657 1208 1720 existimabis.
1224 1659 1279 1720 Illa
1291 1672 1390 1719 nmen

324 1752 395 1812 vitia
409 1750 481 1823 litet,
493 1750 641 1812 interdum
660 1748 757 1811 dulcia
777 1748 939 1825 arbitreris,
960 1750 1126 1831 periculum
1140 1766 1239 1813 autem
1256 1754 1393 1813 imminet

326 1864 364 1905 ne
392 1845 423 1904 in
449 1844 569 1927 frigidas
597 1856 626 1907 et
652 1844 870 1926 inopportunas
884 1845 1045 1906 sententias
1063 1859 1152 1927 poeta
1173 1845 1342 1922 deducatur,
1363 1859 1393 1907 et

325 1938 447 2022 putidus
471 1936 518 1999 vel
542 1937 663 1999 rudibus
688 1936 936 1999 existimatoribus
957 1958 1021 1999 esse
1043 1939 1187 2001 videatur.
1213 1940 1261 2000 An
1289 1938 1392 2001 dolere
1457 1949 1460 1954 '

325 2032 452 2115 graviter
462 2031 604 2093 feminam
619 2052 721 2093 censes
734 2051 809 2115 quae
822 2030 979 2093 luxuriosis
990 2031 1235 2114 descriptionibus
1248 2032 1393 2115 gaudeat?

324 2126 371 2186 An
393 2138 422 2187 te
450 2124 611 2187 infortunia
638 2124 786 2186 Phaedrae
810 2124 925 2186 laedere
949 2139 1100 2207 poterunt,
1122 2147 1199 2211 quae
1219 2126 1392 2211 flagrantem

325 2232 413 2281 suum
428 2220 529 2302 ignem
543 2218 705 2301 disquisitis
719 2216 816 2279 verbis
830 2217 979 2293 describit,
996 2220 1050 2294 IV,
1067 2223 1181 2299 21-30?

465 2352 572 2409 Scilicet
584 2364 614 2407 ut
626 2364 733 2408 teneros
744 2351 854 2407 laedunt
866 2351 928 2425 iuga
941 2352 1028 2424 prima
1041 2353 1178 2422 iuvencos,

464 2438 600 2510 Frenaque
615 2438 659 2492 vix
677 2437 776 2509 patitur
791 2436 825 2491 de
839 2454 919 2509 grege
934 2450 1025 2509 captus
1038 2455 1143 2510 equus;

463 2522 507 2577 Sic
520 2522 590 2577 male
604 2523 701 2595 vixque
719 2521 791 2576 subit
805 2522 907 2594 primos
920 2522 985 2577 rude
1003 2536 1095 2595 pectus
1106 2540 1222 2592 amores,

467 2607 626 2680 Sarcinaque
644 2607 709 2661 haec
723 2607 816 2661 animo
830 2623 888 2660 non
905 2606 977 2661 sedet
989 2619 1050 2678 apta
1062 2624 1159 2666 meo...

468 2690 514 2747 Tu
528 2708 599 2746 nova
613 2704 730 2747 servatae
744 2708 834 2764 carpes
847 2690 974 2746 libamina
987 2690 1084 2759 famae,

468 2775 502 2831 Et
513 2777 612 2849 pariter
625 2788 749 2833 nostrum
763 2776 808 2831 fiet
822 2788 934 2849 uterque
947 2792 1081 2833 nocens...

368 2900 508 2963 Pessimis
525 2922 595 2964 sane
610 2901 790 2984 argumentis
808 2902 900 2963 utitur
916 2902 1046 2964 Phaedra
1067 2915 1101 2964 ut
1118 2902 1302 2985 persuasioni
1318 2923 1394 2966 con-

329 2993 405 3056 sulat
419 3008 448 3057 et
468 2995 667 3079 Hippolytum
686 2996 717 3057 in
736 3016 871 3057 amorem
891 2996 1022 3059 inducat.
1044 2995 1174 3069 Qualem
1193 3018 1282 3080 porro
1302 2997 1394 3059 fidem

327 3090 453 3151 amantis
467 3088 552 3151 dictis
565 3089 715 3171 praebeas,
739 3089 791 3173 qui
806 3089 985 3151 immodicus
1004 3090 1035 3151 in
1051 3091 1193 3173 augendis
1208 3090 1294 3152 rebus
1313 3092 1352 3152 sit
1365 3105 1395 3153 et

329 3184 359 3246 in
376 3182 530 3245 elatiorem
549 3184 715 3245 orationem
732 3187 887 3266 erumpat?
901 3183 1025 3245 Talibus
1043 3184 1197 3246 vocabulis
1215 3185 1246 3246 in
1264 3184 1394 3267 amplifi-

327 3278 476 3339 cationem
489 3279 668 3359 exaggeratis
681 3276 756 3339 nihil
768 3277 856 3338 solidi
868 3277 988 3339 subesse
997 3292 1083 3363 putes
1095 3299 1103 3341 z
1117 3278 1214 3362 qualia
1226 3278 1328 3341 inflato
1342 3299 1394 3341 ore

327 3371 459 3435 Leander
477 3370 616 3445 effundit,
632 3372 744 3448 XVIII,
762 3372 799 3432 66
815 3391 880 3456 sqq.
898 3392 907 3434 t

474 3576 476 3581 ι
502 3506 573 3560 Vera
586 3504 661 3578 loqui
675 3504 768 3573 liceat;
783 3522 986 3580 quamsequor,
1001 3507 1058 3580 ipsa
1071 3506 1121 3562 dea
1130 3518 1179 3563 est.

502 3589 566 3646 Neu
580 3589 692 3645 referam
706 3608 796 3649 mores
810 3590 914 3646 caelesti
928 3603 1033 3665 pectore
1047 3591 1155 3664 dignos,

505 3676 603 3732 Forma
616 3676 667 3730 nisi
681 3676 709 3731 in
721 3693 796 3732 veras
809 3694 865 3732 non
877 3677 947 3732 cadit
961 3676 1006 3731 illa
1019 3678 1082 3732 deas
1095 3690 1147 3733 etc.

273 3898 274 3901 Ἴ
368 3818 402 3877 In
416 3814 593 3878 huiusmodi
608 3814 684 3877 locis
698 3815 771 3899 quin
785 3834 891 3897 parum
908 3816 1097 3879 observatum
1112 3816 1150 3878 sit
1165 3815 1309 3878 decorum
1328 3815 1395 3899 quis

330 3909 463 3973 dubitet?
799 3919 800 3922 ’

371 4004 454 4079 Idem
470 4003 602 4071 Leander
615 4024 651 4067 eo
667 4002 842 4071 ambitiosae
852 4005 883 4067 in
896 4003 1050 4088 loquendo
1064 4002 1217 4067 anxietatis
1234 4002 1347 4080 recidit,
1362 4014 1397 4066 ut
