3159 5017
625 537 784 601 ..η-

176 652 293 719 dicebat
309 656 463 718 suasorias.
486 654 611 719 Molesta
633 658 676 719 illi
696 671 756 719 erat
772 656 872 719 omnis
888 655 1121 740 argumentati03
1143 653 1241 718 verbis

175 750 300 812 minime
324 750 447 811 licenter
470 770 541 812 usus
565 765 620 827 est,
653 752 710 811 nisi
733 751 764 811 in
788 751 980 827 carminibus,
1005 752 1035 811 in
1057 750 1164 833 quibus
1178 771 1242 812 non

175 844 322 927 ignoravit
345 844 415 907 vitia
434 865 486 905 sua
511 845 561 906 sed
583 846 701 907 amavit.
732 868 747 902 a
772 843 973 907 Scholasticae
997 844 1068 905 istae
1093 845 1242 905 orationes

174 938 339 1001 forensium
354 938 506 1000 actionum
522 938 728 1000 meditationes
743 953 835 1013 erant,
852 938 959 1022 quibus
972 938 1008 999 ad
1021 959 1105 999 veras
1119 936 1241 1000 iudicio·

175 1053 241 1093 rum
256 1054 372 1115 pugnas
389 1045 417 1097 et
435 1034 518 1115 quasi
532 1034 621 1095 iustas
638 1034 715 1095 acies
731 1033 859 1095 exerceri
872 1032 997 1094 studiosi
1011 1032 1147 1115 discipuli
1162 1032 1242 1094 sole-

175 1125 255 1201 bant,
272 1140 304 1188 ut
321 1146 356 1187 ex
371 1126 521 1188 umbratili
539 1127 638 1188 studio
658 1128 688 1189 in
708 1127 807 1189 lucem
826 1126 981 1208 solemque
1002 1127 1155 1208 prodirent
1176 1140 1205 1187 et
1224 1143 1242 1186 a

174 1218 251 1281 fictis
274 1218 310 1281 ad
335 1222 421 1281 serias
446 1242 546 1282 causas
564 1221 732 1283 transirent.
753 1219 807 1281 Illa
829 1220 1078 1283 declamationum
1099 1221 1239 1295 themata,

175 1334 249 1397 quae
283 1314 419 1376 doctores
450 1313 689 1376 adulescentibus
714 1314 910 1392 subiciebant,
938 1313 1017 1374 haud
1050 1313 1180 1375 multum
1204 1312 1241 1375 ab

175 1408 342 1469 Heroidum
358 1428 468 1490 genere
485 1408 643 1471 abhorrere
661 1408 736 1470 mihi
752 1407 902 1483 videntur,
923 1428 1020 1491 neque
1035 1422 1114 1469 certe
1127 1406 1163 1468 ab
1178 1408 1240 1469 istis

176 1501 479 1564 commentationibus
513 1502 549 1563 ad
587 1502 736 1563 simulatas
771 1504 825 1563 has
852 1502 999 1584 Epistulas
1027 1499 1153 1583 longum
1180 1515 1242 1562 erat

175 1594 434 1658 transcurrendum
453 1597 518 1656 iter.
540 1597 696 1667 Quantum
712 1616 814 1657 censes
837 1597 869 1657 in
887 1598 966 1657 hanc
984 1596 1065 1656 viam
1086 1596 1242 1657 inductum

177 1710 240 1751 esse
276 1690 433 1765 Ovidium,
463 1702 622 1773 postquam
659 1690 696 1751 de
722 1688 911 1752 iureiurando
942 1690 1038 1750 mariti
1070 1704 1100 1751 et
1128 1687 1239 1764 uxoris,

178 1785 280 1845 Contr.
298 1782 318 1844 l.
337 1784 375 1858 II,
392 1804 420 1862 9,
434 1796 463 1843 et
477 1782 584 1844 talibus
599 1783 823 1867 quaestionibus
839 1784 1055 1845 declamitasset
1064 1782 1241 1866 penitusque

177 1877 374 1961 perspexisset

248 2041 250 2047 .
300 1998 369 2062 Quis
383 1997 457 2053 color
470 2010 496 2053 et
513 1996 585 2072 quod
603 1998 636 2053 sit
655 2014 749 2053 causae
763 2016 849 2072 genus
862 2013 942 2072 atque
955 1998 1000 2054 ubi
1015 2014 1122 2054 summa

301 2084 431 2147 Quaestio
443 2084 448 2137 l

616 2169 723 2241 (Juven.
739 2170 800 2237 VII,
817 2171 891 2240 155).

178 2291 240 2365 Qui
255 2294 381 2363 docente
404 2294 508 2355 Porcio
531 2295 658 2355 Latrone
677 2309 727 2356 aut
741 2295 855 2357 Arellio
875 2297 970 2355 Fusco
990 2294 1146 2377 diligenter
1164 2293 1240 2355 deli-

177 2387 328 2449 beraverat
347 2409 384 2449 an
400 2387 596 2450 «Alexander
613 2390 770 2450 Oceanum
792 2390 953 2472 navigaret,
968 2389 1016 2451 vel
1030 2390 1240 2470 Agamemnon

178 2481 363 2564 iphigeniam
379 2480 559 2559 immolaret,
578 2496 704 2564 negante
718 2482 881 2544 Calchante
896 2483 981 2545 aliter
994 2483 1125 2565 navigari
1139 2502 1237 2564 posse,

176 2574 224 2636 ve'l
238 2576 343 2638 Cicero
353 2576 519 2637 Antonium
534 2576 738 2658 deprecaretur
750 2590 807 2637 etc.
818 2602 834 2634 >›
844 2592 865 2651 1,
876 2576 1014 2638 facillime
1023 2575 1129 2637 adduci
1139 2575 1240 2636 debuit

179 2682 211 2731 ut
227 2669 309 2730 fictas
323 2669 480 2731 heroidum
499 2669 533 2730 ad
553 2670 679 2731 amasios
696 2669 834 2753 epistulas
851 2672 1028 2754 excogitaret
1047 2684 1076 2731 et
1088 2669 1238 2731 scriberet.

178 2761 248 2823 illae
263 2762 344 2824 enim
354 2762 550 2824 suasoriarum
564 2784 684 2845 prorsus
700 2784 816 2826 morem
826 2785 912 2847 saepe
923 2763 1054 2826 referunt
1070 2788 1086 2821 a
1102 2763 1241 2848 quemad·

176 2856 302 2917 modum
315 2856 345 2917 in
353 2856 507 2917 rhetorum
520 2856 598 2917 ludis
611 2856 838 2934 fabricabantur,
852 2879 1035 2942 quarumque
1048 2878 1081 2919 ea
1096 2871 1157 2918 erat
1167 2858 1241 2919 ratio

177 2965 209 3012 ut
233 2971 319 3011 causa
346 2951 500 3032 proposita
519 2970 608 3033 quam
633 2952 761 3013 maxime
781 2964 883 3033 posset
908 2951 1134 3028 defenderetur3
1156 2971 1241 3014 causa

177 3034 227 3105 illa
241 3044 271 3104 in
285 3042 420 3125 epistulis
437 3046 532 3105 Amor
545 3058 599 3120 est,
621 3066 711 3129 quem
725 3045 863 3107 heroides
877 3060 906 3107 et
920 3047 1025 3108 heroes
1040 3059 1073 3106 ut
1084 3046 1195 3107 iustum
1207 3064 1242 3105 ac

177 3136 345 3220 legitimum
361 3134 652 3200 defenderestudent
666 3152 688 3199 2.
705 3162 720 3195 >s

217 3234 369 3293 Praeterea
383 3229 460 3293 bella
474 3252 594 3316 prorsus
608 3232 682 3314 haec
695 3246 777 3294 erant
787 3246 971 3315 argumenta,
988 3232 1106 3314 quaein
1121 3230 1241 3293 sollem-

178 3325 264 3387 nibus
279 3326 443 3385 amicorum
463 3324 596 3387 coetibus
615 3339 644 3386 et
658 3340 814 3407 poetarum
834 3326 967 3409 collegiis
988 3326 1058 3403 illis,
1080 3325 1117 3387 ab.
1136 3326 1240 3387 Asinio

179 3416 315 3480 Pollione
333 3418 484 3495 institutis,
509 3417 686 3501 legerentur.
711 3420 789 3481 Cum
811 3420 893 3481 enim
913 3420 1037 3481 studiosi
1055 3420 1194 3481 homines
1212 3417 1251 3479 et'

176 3513 328 3573 Musarum
355 3510 468 3573 alumni
495 3532 564 3572 suos
593 3527 757 3573 conventus
784 3511 1012 3589 haberent,.ubi
1039 3515 1168 3574 carmina
1188 3532 1251 3586 sua

177 3604 307 3667 invicem
323 3604 490 3681 recitarent,
509 3605 539 3667 in
554 3625 658 3667 eorum
674 3605 766 3667 choro
778 3605 1042 3687 locum-eximium
1065 3607 1146 3667 Naso
1165 3604 1240 3666 obti-

178 3698 254 3776 nuit,
271 3698 348 3761 sicut
363 3698 426 3781 ipse
441 3698 555 3760 disertis
569 3698 666 3761 verbis
681 3698 816 3775 declarat,
832 3701 881 3761 Tr.
897 3702 935 3775 V,
952 3689 979 3761 e.
993 3701 1048 3775 111,
1068 3715 1096 3776 5,
1113 3715 1164 3776 47,
1177 3715 1212 3776 52
1229 3719 1238 3759 ε

209 3900 230 3935 1.
250 3886 349 3945 Seneca,
362 3884 436 3944 Suae,
451 3900 474 3944 r,
488 3900 512 3949 3,
522 3884 545 3935 6.

205 3976 228 4011 a.
246 3962 388 4026 Sedlmayer,
406 3960 561 4025 Prolegomena
576 3962 652 4009 critica
667 3962 697 4009 ad
715 3959 824 4010 Heroides
838 3960 968 4024 Ouidlauas,
986 3959 1151 4020 vindobonae,
1169 3960 1237 4023 1878,

179 4051 203 4100 Ρ·
217 4050 255 4099 35·

231 4150 297 4196 Fruar.
308 4148 472 4211 -Ou'dia'epa'su
483 4150 530 4195 Her.
1174 4160 1187 4191 Ι
