3159 5017
789 514 951 577 ..50-

334 616 364 695 et
391 617 592 694 clarissimum
608 624 789 713 discipulum
813 632 1113 714 agnoscimus'Fus'ci
1132 632 1238 695 Arellii
1259 634 1403 711 rhetoris,

334 728 418 788 c'uius
433 750 449 784 c
467 724 565 787 cultus
585 724 675 785 nimis
694 726 867 807 exquisitus,
883 726 1065 808 compositio
1085 724 1245 789 verborum
1263 728 1396 808 mollior,

334 826 423 904 quam
442 834 475 881 ut
491 818 572 881 illam
591 832 651 881 tam
666 819 773 879 sanctis
792 818 978 903 fortibusque
996 821 1162 927 praeceptis
1176 842 1352 904 praeparans
1366 844 1397 884 se

332 915 450 975 animus
467 914 527 996 pati
548 927 659 995 posset.
680 908 805 975 Summa
827 912 1019 995 inaequalitas
1037 914 1191 989 orationis,
1211 935 1285 998 quae
1304 917 1397 979 modo

331 1008 416 1071 exilis
430 1020 501 1082 erat,
518 1004 610 1068 modo
626 1007 718 1068 nimia
732 1006 851 1068 licentra
857 1027 932 1089 vaga
943 1021 972 1068 et
981 1006 1083 1069 effusa
1100 1010 1132 1069 ln
1146 1008 1397 1091 descriptionibus

331 1116 410 1163 extra
435 1100 551 1183 legem;
579 1099 720 1161 omnibus
742 1099 857 1172 verbis,
888 1100 1054 1162 dummodo
1084 1102 1227 1179 niterent,
1253 1105 1397 1185 permissa

330 1194 459 1257 libertas
479 1189 564 1256 Nihil
583 1212 660 1263 acre,
686 1194 761 1255 nihil
783 1194 925 1271 solidum,
949 1194 1024 1256 nihil
1043 1195 1210 1257 horridum.
1235 1196 1396 1279 Splendida

330 1291 423 1351 oratio
441 1303 471 1350 et
488 1288 582 1371 magis
599 1286 706 1348 lasciva
723 1308 811 1371 quam
830 1287 903 1349 laeta
919 1303 928 1331 1
950 1313 979 1351 s.
1000 1290 1098 1349 Huius
1116 1310 1186 1350 sane
1204 1291 1348 1373 exemplis
1366 1305 1396 1353 et

329 1383 502 1445 auctoritate
516 1380 664 1467 impulsus
679 1380 819 1457 Ovidius,
838 1382 890 1464 qui
906 1382 966 1443 iam
980 1402 1034 1443 sua
1046 1397 1154 1465 sponte
1169 1383 1206 1445 ad
1219 1386 1350 1446 acutiora
1365 1399 1395 1446 et

329 1478 468 1539 facetiora
480 1492 648 1560 propensus
662 1489 750 1551 esset,
765 1476 796 1536 in
815 1475 912 1536 dulcia
926 1476 1101 1538 huiusmodi
1116 1478 1188 1539 vitia
1199 1479 1345 1560 prorupit.
1359 1482 1393 1541 ln

328 1572 387 1633 hoc
402 1584 500 1633 tamen
515 1568 595 1645 loco,
612 1569 755 1675 quoniam
768 1569 881 1631 nonde
896 1570 1043 1647 oratione,
1059 1570 1110 1631 sed
1125 1570 1161 1632 de
1173 1586 1348 1679 argumento
1364 1581 1401 1635 et'

328 1664 510 1727 inventionis
523 1663 608 1725 laude
623 1663 750 1745 agimus,
763 1662 927 1723 tenendum
941 1677 985 1725 est
996 1663 1075 1725 haud
1089 1684 1194 1745 pamm
1207 1666 1393 1748 ingeniosam

329 1758 411 1820 illam
423 1754 556 1820 indolem
573 1756 610 1817 ad
626 1756 835 1849 excogitandas
852 1770 958 1818 tenues
975 1778 1020 1818 res
1037 1771 1067 1819 et
1082 1772 1149 1841 apte
1163 1760 1322 1842 epistulis
1312 1782 1394 1821 mse-

327 1852 431 1914 rendas
446 1852 518 1914 huic
534 1850 692 1933 proluisse.
713 1848 790 1911 Nam
808 1850 947 1933 quotiens
966 1850 1023 1911 sibi
1045 1852 1094 1913 hic
1115 1856 1270 1935 temperat,
1291 1855 1392 1916 nitidis

328 1946 483 2008 sententiis
505 1944 659 2006 distinctae
677 1957 745 2005 sunt
764 1944 865 2026 plures
887 1945 1053 2006 Heroidum
1075 1960 1187 2028 partes,
1209 1962 1239 2009 et
1263 1948 1393 2010 iucunda

326 2041 457 2121 varietas
477 2052 676 2123 comparatur.
707 2038 817 2120 Aspice
849 2058 939 2121 quam
973 2037 1071 2121 lepide
1102 2041 1267 2102 Hermione
1301 2043 1392 2103 tristis

325 2132 464 2195 infantiae
482 2152 552 2194 suae
570 2131 775 2207 solitudinem,
797 2146 890 2193 matre
910 2131 1050 2213 prolecta,
1070 2133 1229 2211 describat,
1251 2136 1332 2211 Vlll,
1353 2139 1390 2215 89

325 2247 417 2311 sqq:

484 2352 567 2407 Parva
580 2368 641 2407 mea
654 2351 709 2409 sine
724 2363 809 2406 matre
822 2349 871 2419 sui,
883 2362 956 2423 pater
969 2368 1042 2405 arma
1053 2350 1166 2423 ietebat3

483 2438 515 2494 Et
530 2440 586 2493 duo
599 2454 662 2492 cum
672 2437 772 2499 vivant,
788 2436 852 2491 orba
865 2435 971 2491 duobus
985 2453 1068 2493 eram.

482 2523 546 2578 Non
561 2522 608 2578 tibi
620 2522 759 2577 blanditias
773 2521 876 2593 primis,
887 2538 947 2575 mea
961 2534 1055 2589 mater,
1070 2522 1098 2576 in
1112 2522 1190 2576 annis

480 2606 586 2662 Incerto
601 2607 683 2661 dictas
698 2623 744 2661 ore
757 2605 845 2679 puella
855 2605 918 2671 tuli;

481 2690 545 2747 Non
559 2683 611 2765 ego
621 2692 722 2763 captavi
732 2692 854 2745 brevibus
864 2703 910 2745 tua
924 2689 992 2745 colla
1002 2689 1113 2757 lacertis,

481 2775 545 2832 Non
556 2778 660 2850 gremio
672 2776 729 2831 sedi
742 2776 843 2831 sarcina
857 2788 930 2848 grata
941 2788 1005 2841 tuo;
1026 2838 1029 2844 ¹
1052 2792 1055 2795 ·

402 2864 405 2869 ’
482 2860 547 2917 Non
560 2861 646 2916 cultus
658 2862 708 2916 tibi
723 2876 785 2916 cura
797 2862 862 2926 mei,
877 2878 927 2915 nec
940 2861 1122 2933 pactamarito

481 2946 579 3001 Intravi
594 2945 725 3001 thalamos
737 2959 821 3001 matre
831 2958 938 3017 parante
954 2960 1052 3000 novoss

481 3031 569 3086 Obvia
583 3032 733 3103 prodieram
743 3031 833 3085 reduci
847 3030 905 3097 tibi,
921 3047 982 3084 vera
991 3028 1101 3096 fatebor,

479 3116 536 3171 Nec
550 3116 629 3171 facies
643 3114 720 3171 nobis
732 3128 796 3170 nota
810 3116 926 3187 parentis
938 3127 1008 3181 erat;

390 3238 393 3243 -
479 3200 519 3255 Te
534 3213 624 3255 tamen
639 3217 697 3256 esse
712 3198 846 3265 Helenen,
861 3200 933 3273 quod
946 3216 1003 3253 eras
1013 3198 1199 3271 pulcherrima,
1211 3201 1296 3267 sensi3

478 3285 538 3358 lpsa
552 3285 709 3357 requirebas,
722 3301 789 3357 quae
802 3297 848 3339 tua
861 3297 923 3339 nata
934 3282 1013 3339 foret.

331 3423 333 3427 ’
360 3409 461 3471 Plures
485 3407 568 3470 locos
594 3409 732 3491 reperias,
758 3408 788 3468 in
813 3407 921 3491 quibus
947 3406 1073 3470 exsultat
1098 3408 1253 3490 ingeniosa
1283 3410 1386 3471 Ovidii

319 3502 436 3564 indoles
464 3516 493 3564 et
525 3502 697 3585 perurbanis
723 3502 836 3563 facetiis
865 3516 1038 3583 argumenta
1062 3502 1182 3577 condit3
1213 3502 1386 3584 quaelicet

319 3617 534 3679 nonnunquam
545 3616 740 3677 personarum
751 3594 844 3656 indoli
853 3615 955 3677 parum
962 3594 1203 3656 accommodatae
1217 3595 1382 3672 videantur,

318 3689 391 3771 adeo
405 3687 590 3797 perlucidae
591 3703 672 3765 sunt,
679 3703 720 3749 ut
738 3688 903 3750 oblectatus
914 3689 1032 3749 animus
1035 3687 1214 3770 ,pluribus
1207 3711 1238 3750 m
1253 3690 1388 3751 carmine

317 3782 493 3860 nitentibus,
509 3782 607 3867 parvis
607 3774 748 3845 maculis
766 3802 827 3843 non
843 3780 1021 3857 offendatur,
1039 3802 1136 3894 neque
1149 3797 1269 3865 poetam
1284 3784 1384 3866 exagi-

316 3891 377 3939 tare
391 3867 496 3938 audeat
499 3877 607 3960 ,quod
620 3896 682 3938 non
696 3890 772 3938 esset
786 3875 834 3937 his
846 3874 942 3937 locus.
983 3885 985 3888 '

352 4044 374 4077 1.
397 4028 433 4079 M.
444 4029 494 4079 An.
506 4030 617 4079 Senecae.
631 4031 708 4081 szlr.
719 4030 749 4077 II.
763 4027 840 4079 Praei.
