3159 5017
184 629 277 691 volui.
301 654 316 687 »
339 632 441 691 Petrus
462 628 498 689 de
517 629 631 704 Vineis‚
652 629 790 690 Friderici
813 628 934 689 secundi
951 627 1159 705 cancellarius,
1178 650 1247 692 curn

185 744 239 805 pro
256 724 380 784 domino
396 743 449 783 suo
462 742 562 785 coram
577 722 690 804 populo
705 737 734 783 et
747 723 925 803 imperatore
940 743 988 783 an.
1009 742 1084 801 1239
1095 739 1247 805 peroratu-

185 837 233 878 rus
242 830 329 893 esset,
340 816 415 877 duos
423 836 524 877 versus
532 836 567 876 ex
576 818 648 877 Her.
659 815 791 897 epistulis
802 815 996 898 depromptos
1010 831 1142 899 usurpat,
1154 820 1192 894 V,
1204 836 1221 894 7
1237 840 1244 877 ι

328 950 443 1018 Leniter,
455 966 487 1005 ex
502 951 598 1005 merito
612 949 741 1022 quidquid
753 949 862 1021 patiare,
878 948 1020 1004 ferendum
1033 962 1072 1005 est
1093 969 1099 1004 :

329 1034 408 1099 Quae
421 1035 496 1089 venit
509 1034 619 1108 indigno
634 1051 730 1107 poena,
745 1034 860 1089 dolenda
873 1036 971 1089 venit¹.

225 1160 353 1222 Ovidius
375 1160 464 1241 igitur
484 1158 621 1220 manibus
645 1160 782 1221 omnium
803 1174 936 1220 versatur
959 1159 1010 1242 qui
1032 1180 1062 1219 se
1087 1159 1249 1221 litterarum

185 1254 334 1314 studiosos
350 1252 537 1335 profitentur,
557 1274 613 1313 nec
627 1254 671 1314 sui
686 1254 851 1314 Heroidum
868 1252 1001 1334 epistulis
1016 1252 1123 1314 desunt
1136 1269 1246 1315 amato·

186 1368 243 1423 res,
260 1347 337 1407 inter
350 1368 426 1429 quos
441 1348 641 1428 supereminet
651 1347 699 1407 ille
711 1361 867 1428 poetarum
882 1348 1021 1428 princeps
1037 1349 1163 1423 Dantes;
1180 1369 1248 1408 narn

186 1462 221 1501 ex
237 1439 372 1523 pluribus
384 1439 456 1501 locis
466 1440 559 1522 liquet
570 1441 650 1501 hunc
660 1441 787 1503 Nasonis
800 1440 948 1501 interdurn
956 1441 1087 1523 vestigiis
1097 1441 1247 1517 institisse,

187 1548 216 1595 et
243 1532 385 1616 Phyllidis
411 1554 427 1594 a
455 1535 687 1615 Demophoonte
711 1533 852 1615 deceptae
885 1533 1021 1615 lolesque
1054 1533 1090 1594 ab
1121 1535 1248 1596 Hercule

187 1628 309 1689 dilectae
324 1628 437 1688 mentio
456 1628 487 1688 in
505 1628 612 1688 Divina
629 1628 795 1689 Comoedia
812 1640 887 1688 est2.
910 1630 1015 1710 Neque
1035 1628 1144 1689 mirum
1163 1628 1247 1706 illud,

187 1723 210 1781 si
225 1722 288 1782 eius
303 1722 455 1804 magistro,
475 1724 620 1782 Brunecto
638 1722 755 1797 Latin0,
774 1721 974 1803 gratissimum
994 1720 1084 1781 fuisse
1105 1722 1249 1783 Ovidium

187 1815 394 1875 animadvertis
406 1826 425 1873 ³.
447 1817 526 1875 Inter
545 1815 712 1890 Britannos,
732 1814 868 1876 Chaucer
885 1814 936 1896 (E.
956 1817 992 1877 R.
1010 1813 1084 1875 Bell.
1098 1817 1127 1889 6,
1148 1818 1206 1877 206
1222 1830 1251 1876 et

188 1911 217 1982 8,
236 1908 287 1989 53)
300 1921 328 1969 et
350 1910 469 1970 Govver
483 1909 513 1968 in
529 1907 605 1969 libro
623 1908 674 1990 qui
697 1908 805 1969 diciturv
822 1908 957 1991 Confessio
982 1908 1113 1982 amantis,
1132 1928 1160 1987 3,
1182 1911 1248 1987 361,

188 2002 402 2064 Ovidiauarum
415 2001 573 2064 heroidum
588 2000 742 2084 plerasque
753 2001 883 2063 referunt
892 2001 946 2083 (cf.
962 2002 1094 2077 Bartsch,
1107 2001 1249 2078 Allrrecht,

187 2104 229 2177 op.
245 2093 305 2169 cit„
322 2094 549 2176 XVII-XVIII).
568 2096 707 2167 Quantus
724 2093 853 2178 denique
870 2096 899 2155 in
918 2094 1101 2156 eruditorum
1115 2096 1251 2157 virorum

187 2189 402 2250 existimatione
424 2208 457 2248 ea
480 2201 653 2269 tempestate
675 2188 805 2251 Ovidius
828 2188 925 2258 fuerit,
954 2188 1003 2249 vel
1032 2188 1102 2249 inde
1129 2189 1251 2250 iudicari

187 2296 295 2363 potest,
328 2281 409 2365 quod
432 2280 549 2361 saeculo
577 2280 694 2344 decimo
718 2296 823 2365 quarto
849 2303 866 2342 a
888 2284 930 2341 M.
956 2281 1086 2343 Planude
1107 2282 1251 2364 quaedam

187 2376 276 2437 huius
301 2396 392 2457 opera
418 2396 453 2435 ex
472 2375 565 2436 latino
592 2377 622 2435 in
643 2396 783 2459 graecum
807 2389 875 2436 sunt
903 2396 1063 2451 conversa3
1096 2375 1251 2437 translatae

187 2482 286 2530 tamen
308 2469 454 2530 Heroides
475 2467 627 2530 codicibus
646 2470 853 2550 manuscriptis
875 2468 971 2529 adhuc
993 2469 1123 2530 inclusae
1147 2483 1248 2545 sunta,

188 2562 254 2623 cod.
271 2561 347 2623 Bibl.
366 2563 454 2623 Paris.
471 2564 548 2637 2848
560 2564 725 2639 chartaceo,
742 2582 818 2623 saec.
836 2582 876 2623 xv
889 2563 1033 2622 exeuntis.

228 2656 332 2718 Elucet
348 2676 468 2738 quoque
491 2656 593 2717 Ovidii
614 2656 690 2718 fama
710 2676 744 2718 ex
763 2677 800 2717 eo
820 2657 901 2738 quod
925 2656 1066 2738 Epistulis
1093 2657 1251 2739 praemissa

189 2762 302 2810 exstant
315 2750 345 2810 in
363 2749 513 2811 codicibus
533 2750 654 2811 metrica
670 2764 699 2811 et
714 2749 811 2811 soluta
824 2751 958 2811 oratione
976 2765 1160 2831 argumenta,
1176 2770 1251 2832 quae

189 2860 222 2903 ex
231 2863 292 2904 uno
305 2844 472 2925 eodemque
484 2842 579 2920 fonte,
589 2842 701 2905 scilicet
713 2865 749 2904 ex
761 2858 882 2905 tractatu
891 2844 1020 2926 quodam
1032 2843 1080 2904 vel
1089 2844 1251 2904 Commen-

189 2938 261 2997 tario
271 2938 301 2996 in
318 2937 464 2997 Heroides
480 2938 589 3018 scripto
603 2957 738 2997 manasse
750 2950 851 2998 censet
860 2936 1046 3018 Sedlmayer3
1066 2957 1134 2997 nam
1150 2937 1252 2997 codice

188 3029 416 3091 Vindobonensi
430 3045 540 3091 servata
555 3045 623 3091 sunt
639 3031 812 3092 huiusmodi
828 3030 1034 3092 commentarii
1057 3030 1249 3113 fragmenta5.

190 3124 326 3205 Denique
340 3124 403 3205 ipsa
416 3123 654 3185 membranarum
664 3144 754 3185 manu
772 3139 953 3185 exaratarum
961 3123 1116 3205 depravata
1126 3125 1214 3184 toties
1224 3137 1254 3183 et

189 3216 267 3276 varia
281 3218 434 3300 scriptura,
446 3239 535 3300 quarn
548 3232 691 3279 testantur
705 3218 804 3300 plures
819 3218 939 3278 insiticii
956 3232 985 3278 et
1006 3218 1099 3300 spurii
1117 3218 1251 3291 versus⁶,

189 3312 261 3371 Her.
284 3310 430 3393 Epistulas
452 3312 652 3373 studiosorum
678 3310 815 3372 manibus
839 3312 1007 3393 saepissime
1029 3331 1092 3371 esse
1121 3324 1250 3372 versatas

190 3403 288 3465 docet.
320 3406 476 3467 Postremo
510 3406 788 3466 commemorandae
815 3419 884 3466 sunt
914 3418 972 3466 tres
1004 3404 1105 3466 Sabini
1129 3405 1251 3465 nomine

222 3570 243 3603 1.
261 3556 383 3614 Michaud,
393 3557 525 3619 Brhgrophia
537 3556 670 3605 universelle.

223 3646 245 3679 2.
268 3632 353 3695 Purg„
366 3632 478 3689 XXVIII,
493 3646 535 3695 73;
548 3634 642 3692 Parad„
659 3634 701 3690 IX,
717 3648 769 3681 101.
807 3643 809 3646 ’

223 3721 243 3767 3.
261 3708 291 3754 Li
300 3708 377 3755 Livres
386 3708 427 3755 dou
443 3710 530 3766 Tresor,
545 3711 572 3757 P.
586 3708 714 3765 Chabaille‚
729 3709 803 3766 Paris,
820 3709 888 3769 1863,
904 3709 922 3756 l.
936 3709 954 3766 1,
969 3724 992 3772 p.
1005 3722 1031 3767 v,
1044 3723 1065 3756 c.
1077 3707 1177 3765 CLXII;
1190 3706 1207 3754 l.
1218 3706 1250 3763 11,

190 3796 213 3843 p.
226 3797 252 3839 11,
267 3798 288 3829 c.
301 3782 354 3830 LVI
365 3794 388 3831 et
405 3783 499 3831 LXXII.

219 3871 244 3916 4.
263 3857 299 3909 cf.
313 3858 420 3922 Dilthey,
434 3860 468 3906 Dc
480 3860 539 3907 Call.
552 3860 616 3923 eye,
630 3869 667 3922 op.
682 3861 731 3921 cie,
744 3876 767 3925 p.
784 3858 836 3920 136.

223 3946 243 3994 5.
261 3933 347 3995 Proleg.
358 3935 420 3991 crit„
431 3944 465 3997 op.
478 3936 527 3992 cit,
541 3952 564 3999 p.
577 3950 691 3998 ror-103.

221 4008 243 4058 6.
262 4009 299 4056 ef.
313 4010 413 4069 Gilbert,
424 4019 458 4073 op.
470 4013 519 4069 cit„
531 4024 560 4074 27
570 4028 593 4075 p.
604 4028 611 4071 ;
624 4012 655 4059 G.
668 4014 757 4070 Petere,
769 4019 804 4075 op.
816 4012 866 4072 cit,
876 4028 900 4075 p.
913 4009 942 4059 16
951 4026 1003 4075 sqq.
