3159 5017
656 492 815 553 ..91..

205 624 305 671 tenere
327 609 434 691 cupiat.
455 610 533 669 Nam
554 608 709 690 proposito
725 622 828 668 nostro
844 607 912 667 satis
932 606 999 667 iuer
1016 606 1144 672 ,taddere
1158 604 1271 667 nullam

206 724 241 763 ex
255 703 421 764 Sabinianis
442 702 574 785 epistulis
596 722 758 783 superesse.
776 702 940 763 Ouidianas
954 721 1027 761 vero
1041 700 1180 761 heroides
1195 721 1270 760 nun·

205 818 293 879 quam
314 798 345 857 in
364 796 549 857 oblivionem
572 795 714 856 decidisse
734 816 769 854 ex
783 815 820 856 eo
833 795 926 878 liquet
945 795 1025 877 quod
1040 794 1221 855 imitationes
1235 814 1272 854 ex

205 892 252 952 his
279 890 464 952 adumbratas
491 892 587 951 statim
617 891 648 949 in
671 890 759 949 Drusi
785 890 940 970 Epicedio,
965 889 1106 970 deinceps
1128 889 1159 948 in
1181 886 1271 947 Probi

206 985 378 1059 Catholicis,
401 986 431 1045 in
451 986 576 1045 Ausonii
592 984 717 1065 scriptis,
739 983 814 1057 aliis,
836 981 1098 1063 deprehenduntur
1112 981 1165 1063 (ci.
1185 1002 1271 1063 supra

206 1100 231 1140 c.
255 1079 308 1157 V).
333 1080 412 1139 Tum
434 1080 466 1138 in
487 1078 702 1158 componendis
726 1077 761 1137 ad
784 1077 887 1139 Ovidii
907 1076 1077 1158 exemplum
1098 1074 1271 1135 heroidibus

206 1193 422 1254 nonnunquam
436 1186 567 1232 versatos
585 1190 648 1231 esse
664 1172 723 1231 iam
740 1191 755 1231 a
769 1171 872 1252 primis
888 1169 1011 1230 saeculis
1024 1183 1127 1251 poetas
1142 1182 1267 1246 constat.

204 1270 281 1327 Nam
294 1265 486 1347 epistularum
501 1266 676 1346 scriptorem
689 1266 728 1325 III
739 1277 808 1346 post
823 1264 894 1324 Chr.
911 1284 941 1322 n.
956 1284 978 1323 s,
996 1263 1105 1324 Iullum
1116 1262 1270 1323 Titianum

206 1361 346 1422 Sidonius
367 1358 558 1441 Apollinaris,
582 1378 630 1439 ep.
655 1360 678 1432 I,
700 1378 727 1436 1,
747 1370 980 1432 commemorat3
1000 1356 1156 1438 epistulam
1179 1377 1270 1438 quan·

207 1454 273 1514 dam
307 1454 401 1513 Didus
435 1454 471 1513 ad
495 1454 627 1513 Aeneam
667 1471 702 1511 ex
738 1451 841 1511 codice
871 1450 1066 1525 Salmasiano,
1101 1470 1177 1510 saec.
1215 1469 1271 1510 vn·

206 1567 272 1621 vu1,
289 1547 473 1628 deprompsit
488 1548 573 1606 Riese
587 1559 616 1605 et
631 1545 660 1603 in
675 1543 870 1625 Anthologia,
888 1566 918 1604 n.
933 1548 968 1622 83
986 1544 1116 1618 edidit¹;
1143 1545 1272 1625 denique

206 1640 361 1722 epistulam
377 1639 548 1700 Deidamiae
564 1639 600 1698 ad
614 1637 762 1698 Achillem
778 1637 808 1696 in
824 1638 890 1698 cod.
910 1638 1042 1697 Parisino
1054 1659 1084 1698 n.
1100 1640 1177 1712 2782
1194 1657 1269 1699 saec.

206 1754 226 1795 x
254 1747 365 1793 exstare
393 1734 474 1793 testis
499 1746 542 1792 est
571 1734 611 1793 O.
642 1731 714 1791 Iahn
739 1731 816 1812 (vol.
840 1733 863 1805 I,
885 1752 915 1811 p.
942 1731 1007 1812 8²).
1047 1733 1197 1791 Posterius
1221 1751 1273 1813 per

206 1829 337 1888 medium
352 1846 458 1887 aevum
473 1827 546 1886 haec
557 1816 685 1885 Nasonis
697 1826 829 1885 carmina
841 1825 1005 1885 innotuisse
1018 1824 1175 1885 luculentis
1185 1845 1272 1906 argu·

207 1922 314 1982 mentis
338 1922 566 1995 demonstratur,
592 1919 666 1979 adeo
690 1932 723 1978 ut
747 1917 836 1977 nullis
862 1918 1047 1999 temporibus
1073 1939 1107 1979 ea
1134 1918 1272 1979 manibus

207 2014 368 2097 legentium
392 2014 534 2075 excidisse
562 2027 659 2094 putes.
685 2013 762 2072 Nam
790 2012 848 2072 iam
879 2033 895 2072 a
924 2010 1022 2073 Caroli
1050 2012 1151 2093 Magni
1179 2026 1272 2072 aetate

207 2108 352 2189 Epistulas
365 2127 500 2168 unacum
514 2108 618 2167 ceteris
632 2106 734 2167 Ovidii
745 2106 890 2186 poematis
904 2105 1047 2165 lectitatas
1062 2126 1125 2165 esse
1140 2107 1272 2165 testimo·

207 2202 255 2261 nia
275 2201 329 2283 (cf.
345 2221 432 2283 supra
450 2222 475 2261 c.
499 2201 541 2281 V)
561 2220 596 2260 cx
615 2198 822 2259 vetustissimis
842 2198 961 2259 illorum
978 2212 1149 2279 temporum
1170 2220 1272 2259 manu·

207 2296 321 2376 scriptis
339 2295 444 2355 eruditi
457 2294 512 2355 viri
525 2306 673 2354 eruerunt.
691 2295 732 2353 Ita
746 2293 777 2351 in
795 2292 976 2352 membranis
994 2313 1069 2353 saec.
1089 2312 1132 2352 xu
1149 2306 1198 2353 aut
1218 2312 1274 2353 x111

208 2389 386 2470 incipientis,
410 2387 516 2471 quibus
531 2388 567 2448 de
581 2407 611 2447 re
625 2387 817 2468 grammatica
832 2400 861 2445 et
878 2387 998 2446 metrica
1020 2387 1108 2446 latine
1123 2399 1272 2461 tractatur,

207 2502 347 2542 versuum
367 2500 383 2541 2
409 2494 437 2541 et
459 2483 493 2559 83
518 2484 589 2541 Her.
614 2483 626 2541 I
646 2480 778 2540 menti03
806 2479 957 2539 invenitur
977 2479 1031 2561 (cf.
1055 2482 1127 2540 Not.
1154 2494 1183 2539 et
1206 2481 1272 2541 Ext.

207 2588 229 2637 t.
244 2577 325 2644 XXI,
355 2596 386 2656 p.
409 2594 469 2649 444
490 2588 519 2634 et
540 2574 629 2655 384);
648 2572 800 2633 translatas
824 2574 912 2633 etiam
935 2574 965 2633 in
986 2587 1119 2633 veterem
1141 2573 1274 2654 linguam

207 2668 341 2750 gallicam
364 2666 509 2728 Heroides
535 2687 598 2727 esse
625 2667 732 2727 indicia
756 2668 943 2748 reperiuntur
970 2666 1023 2747 (cf.
1054 2669 1086 2727 P.
1114 2667 1204 2740 Paris,
1233 2666 1274 2726 les

207 2762 384 2822 Manuscrits
405 2760 496 2836 franc.
519 2777 548 2837 7,
563 2777 603 2835 47
620 2774 649 2820 et
667 2781 696 2835 2,
720 2762 795 2838 3183
818 2761 854 2819 K.
879 2761 1011 2834 Bartsch,
1030 2771 1073 2843 op.
1094 2760 1154 2834 cit„
1174 2759 1271 2840 XVI).

207 2856 311 2937 Neque
339 2856 448 2915 mirum
474 2868 518 2915 est
547 2853 622 2913 bene
651 2866 735 2913 notas
764 2853 911 2935 Epistulas
940 2853 1043 2929 fuisse,
1075 2874 1143 2913 cum
1172 2854 1273 2913 omnia

208 2948 312 3008 Ovidii
327 2969 416 3030 opera
429 2968 544 3008 summa
557 2946 651 3028 gloria
665 2967 718 3029 per
732 2948 865 3008 medium
885 2968 992 3008 aevum
1013 2947 1191 3008 circumdata
1209 2966 1272 3005 esse

209 3055 340 3117 constet3
366 3056 395 3102 et
416 3042 439 3100 si
461 3042 556 3101 maior
573 3041 672 3101 honor
687 3040 810 3101 fortasse
829 3040 1181 3122 Metamorphosesi'fuit,
1201 3060 1273 3121 quas

208 3134 424 3195 narrationibus
434 3135 470 3194 ad
484 3155 583 3195 mores
598 3134 816 3215 pertinentibus
826 3135 1064 3196 accommodatas
1084 3134 1272 3215 quattuorde-

209 3229 266 3288 cim
288 3228 493 3309 manuscriptis
515 3242 665 3309 apparet4‚
701 3249 853 3309 nunquam
876 3229 1026 3289 desierunt
1049 3229 1135 3309 periti
1164 3226 1273 3287 librarii

240 3470 260 3502 1.
279 3455 315 3502 Cf.
330 3456 482 3518 Comparetti,
500 3454 594 3517 Virgilio
604 3455 639 3501 nel
652 3456 772 3512 medioeuo,
787 3471 807 3503 c.
822 3456 852 3511 X,
864 3471 887 3519 p.
902 3454 960 3503 206.

241 3546 263 3577 2.
282 3530 320 3579 Cf.
332 3532 474 3594 Sedlmayer,
487 3530 574 3593 Prolag.
586 3532 636 3577 crit.
647 3532 672 3577 in
683 3530 738 3578 fine.

241 3623 261 3669 ς.
279 3608 317 3654 Ad
329 3608 388 3654 hanc
398 3608 558 3671 quaestionem
570 3607 734 3654 illustrandam
747 3607 858 3669 perutiles
869 3606 965 3654 fuerunt
975 3608 1000 3654 hi
1013 3608 1067 3654 libri
1082 3623 1088 3654 ε
1101 3607 1157 3653 Karl
1170 3608 1274 3663 Bartsch,

208 3682 313 3730 Allrrecht
331 3699 372 3729 von
391 3682 536 3730 Halberstadt
555 3684 600 3729 und
617 3684 676 3729 Ouid
692 3685 716 3729 in
735 3683 877 3743 Mittelalter,
901 3683 989 3737 Quedl.
1008 3684 1058 3730 und
1075 3682 1182 3746 Leipsig,
1206 3682 1274 3739 1861,

208 3771 353 3820 ccum-5013
370 3759 468 3805 Histoire
484 3757 591 3805 littirairc
604 3758 630 3805 de
649 3759 670 3804 la
686 3758 777 3816 France,
791 3770 810 3805 t.
826 3760 915 3815 XVIII,
931 3758 1020 3817 XXIII,
1036 3758 1115 3805 XXIX
1134 3770 1157 3806 et
1172 3758 1275 3820 passim;

208 3834 293 3882 Noiices
302 3839 324 3881 et
334 3835 438 3881 Extraits
448 3835 483 3880 des
492 3835 634 3891 Manuscrits,
648 3845 665 3881 t.
679 3833 743 3891 XXI,
752 3836 842 3895 passim.

239 3924 263 3968 4.
281 3909 317 3957 Cf.
330 3910 419 3957 Gaston
434 3911 506 3966 Paris,
517 3911 542 3956 in
554 3911 616 3957 Hist.
630 3909 686 3966 litt,
700 3910 788 3966 XXIX,
803 3926 826 3973 p.
839 3922 953 3971 455-525,
966 3911 1007 3957 ubi
1019 3912 1045 3957 dr
1061 3911 1140 3959 Ovidii
1152 3911 1272 3959 imitatori-

210 3985 247 4035 bus
255 3990 373 4043 tractatur,
387 3987 447 4033 inter
459 4000 518 4053 quos
533 3986 564 4034 G.
579 3986 701 4051 Legouais,
714 3986 799 4034 Maitre
811 3986 869 4044 Ehe,
886 3998 929 4034 etc.
