3159 5017
635 457 796 517 ...81-

185 588 319 665 arbitror,
347 606 437 671 quam
460 588 569 653 iudicet
591 589 636 649 vir
657 590 687 649 in
712 589 758 650 his
786 588 874 650 rebus
903 604 1036 651 summae
1059 585 1250 667 auctoritatis,

185 684 217 743 L.
244 682 381 760 Mueller,
405 684 454 765 qui
480 682 589 754 scribit,
609 693 652 765 op.
678 682 738 759 cit,
761 704 793 764 p.
815 701 866 761 49,
889 684 1026 765 Sapphus
1045 682 1202 765 epistulam
1223 697 1253 744 et

188 777 289 838 Ovidii
305 777 450 837 Heroides
462 776 623 837 indubitate
638 778 794 858 genuinas,
812 776 872 837 sive
883 777 1133 858 compositionem
1149 778 1251 838 carmi·

189 872 235 931 nis
260 890 311 931 seu
334 890 473 932 versuum
498 872 702 953 sermonisque
726 884 820 931 artem
844 872 1018 951 respexeris,
1045 871 1122 931 inter
1140 892 1172 931 se
1188 890 1253 931 esse

191 964 363 1025 simillimas.
382 988 397 1021 a

230 1060 369 1140 Superest
382 1071 415 1118 ut
427 1058 462 1117 de
474 1057 564 1127 altero
578 1058 759 1118 Lachmanni
770 1058 865 1118 dicam
878 1070 1065 1139 argument0,
1079 1059 1130 1139 qui
1141 1077 1252 1119 nomen

190 1152 359 1227 Erichthus,
372 1172 402 1213 v.
421 1170 487 1229 139,
501 1152 532 1210 in
547 1150 609 1214 sola
622 1152 731 1212 Lucani
747 1149 906 1225 Pharsalia,
925 1152 977 1226 VI,
997 1166 1052 1228 507
1068 1172 1133 1233 sqq.
1150 1172 1252 1212 occur·

190 1266 253 1306 rere
274 1259 303 1306 et
323 1242 487 1305 veneficam
506 1244 653 1326 quandam
672 1243 875 1304 Thessalicam
897 1244 1049 1325 designare
1078 1246 1186 1305 statuit.
1215 1247 1253 1305 At

190 1339 371 1400 demonstrat
390 1341 434 1399 De
452 1339 548 1413 Vries,
570 1347 612 1421 op.
634 1336 694 1413 cit,
712 1359 743 1419 p.
768 1340 823 1415 136
843 1357 887 1419 sq.
904 1338 1046 1398 Erichtho
1063 1358 1175 1398 nomen
1194 1339 1253 1399 iam

189 1432 283 1493 multo
297 1446 363 1493 ante
377 1432 501 1513 Pompei
512 1444 636 1492 aetatem
648 1432 791 1492 exstitisse
805 1446 833 1492 et
845 1432 933 1513 igitur
947 1432 1050 1491 cadere
1064 1446 1157 1492 totam
1172 1431 1251 1492 illam

189 1526 475 1608 argumentationem
501 1545 559 1608 qua
585 1539 654 1607 post
680 1527 833 1586 Lucanum
857 1525 977 1585 demum
1006 1523 1163 1605 epistulam
1188 1546 1252 1585 esse

189 1621 326 1700 scriptam
346 1620 442 1679 evinci
455 1620 492 1679 sit
506 1631 661 1680 tentatum.
679 1620 831 1679 Praeterea
846 1619 876 1677 in
895 1617 1068 1679 melioribus
1088 1618 1250 1692 codicibus,

190 1714 290 1773 Franc.
309 1711 405 1787 Harl,
420 1733 480 1773 non
496 1711 649 1787 Erichth0,
662 1711 712 1772 sed
725 1714 822 1793 Eny0,
837 1711 884 1771 vel
900 1725 1037 1793 corrupte
1051 1712 1152 1771 Eritho
1165 1713 1251 1771 tradi-

187 1819 250 1866 tum
272 1826 335 1867 esse
357 1807 443 1867 docet
460 1807 497 1866 N.
514 1805 620 1881 Barbu,
636 1815 678 1888 op.
700 1804 759 1878 cit,
775 1825 806 1886 p.
831 1823 866 1882 37
889 1825 947 1886 sq.,
973 1805 1134 1865 lectionem
1153 1820 1251 1865 autem

187 1900 290 1961 Eritho
319 1919 402 1960 mero
426 1919 524 1959 errore
548 1919 638 1981 pro«
662 1900 803 1979 Erinys»
832 1919 848 1958 a
871 1898 989 1958 librario
1011 1899 1140 1980 quodam
1165 1898 1251 1959 scribi

187 1994 329 2075 potuisse.
353 1996 437 2053 Hanc
457 1994 632 2053 sententiam
651 1993 741 2052 tuitus
754 2006 798 2051 est
812 2011 932 2072 quoque
950 1994 994 2051 De
1011 1992 1107 2065 Vries,
1127 2001 1170 2073 op.
1190 1991 1249 2064 cit,

187 2106 216 2168 p.
235 2103 301 2164 137,
315 2088 380 2146 etsi
396 2085 482 2147 lectio
498 2087 649 2167 proposita
663 2106 724 2145 non
740 2085 921 2144 admittenda
934 2085 1049 2145 videtur
1063 2085 1143 2167 quod
1155 2109 1170 2140 <r
1187 2084 1251 2145 nul-

187 2178 248 2239 lum
268 2179 346 2239 aliud
364 2179 429 2239 talis
448 2181 548 2260 Enyus
567 2180 724 2260 vestigium
742 2178 820 2259 apud
840 2179 997 2259 scriptores
1016 2179 1153 2258 antiquos
1167 2199 1250 2259 repe-

186 2274 303 2333 riatur»
318 2273 428 2355 (Vries,
445 2294 476 2354 p.
497 2272 578 2352 138),
595 2273 665 2354 quid
675 2272 771 2332 obstat
782 2273 943 2353 quominus
957 2272 1016 2333 hoc
1032 2292 1143 2331 nomen
1156 2274 1250 2331 Luca·

187 2388 242 2427 nus
261 2367 323 2447 ipse
343 2381 392 2427 aut
413 2366 449 2426 ab
469 2366 592 2441 Ovidio,
615 2380 647 2426 ut
668 2379 769 2426 censet
790 2366 1004 2447 Comparetti¹‚
1025 2379 1075 2426 aut
1089 2364 1125 2425 ab
1143 2365 1249 2425 eodem

186 2474 304 2520 auctore
320 2460 526 2540 desumpserit,
541 2479 630 2540 quem
644 2458 770 2519 Ovidius
784 2472 901 2518 secutus
916 2460 972 2518 sit?
1257 2465 1260 2469 ’

226 2554 288 2614 lam
310 2553 345 2613 ad
363 2572 533 2613 sermonem
545 2553 632 2612 huius
645 2551 787 2633 epistulae
803 2553 968 2626 veniamus,
982 2572 1072 2633 quem
1089 2551 1249 2611 vehemen-

186 2647 297 2707 tissime
312 2647 388 2706 inter
404 2646 476 2705 alios
494 2646 678 2727 impugnavit
699 2646 759 2705 Birt
777 2645 836 2727 (op.
857 2645 918 2719 cit,
938 2666 969 2726 p.
991 2647 1046 2722 388
1064 2644 1147 2727 sqq.)
1167 2644 1250 2727 quasi

187 2740 286 2821 putide
304 2739 439 2799 inflatum
458 2759 626 2820 vocumque
645 2759 678 2798 ac
695 2740 907 2799 sententiarum
927 2739 1095 2797 iteratarum
1113 2736 1248 2811 artifici0,

186 2832 372 2915 frequentato
387 2853 480 2914 usque
496 2832 531 2892 ad
545 2833 687 2907 taedium,
706 2831 793 2914 plane
810 2831 995 2892 subditiciam
1011 2830 1167 2912 epistulam
1182 2851 1249 2911 pro·

186 2926 316 2987 dentem.
345 2928 382 2986 At
406 2924 615 3006 comprobasse
642 2920 757 2985 videtur
782 2928 827 2985 De
851 2927 936 2986 Vries
956 2945 1052 3007 neque
1077 2945 1107 2985 v.
1134 2939 1187 3000 153
1205 2922 1252 3006 pie

186 3020 357 3081 adverbium
372 3040 458 3100 posse
471 3019 634 3095 offendere,
650 3040 745 3101 neque
756 3041 784 3079 v.
805 3038 856 3096 125
873 3021 903 3078 in
920 3018 1076 3099 regionibus
1093 3037 1250 3077 numerum

184 3113 329 3195 pluralem
354 3134 407 3173 suo
432 3134 519 3173 sensu
546 3133 654 3189 carere,
681 3134 777 3195 neque
802 3134 830 3174 v.
860 3128 907 3191 53,
936 3114 1010 3172 sicut
1032 3132 1067 3171 ex
1100 3109 1251 3171 codicibus

184 3208 335 3268 emendari
348 3208 452 3288 possit,
470 3208 628 3289 quicquam
648 3227 711 3267 esse
731 3206 1022 3287 reprehendendum,
1044 3224 1098 3264 nec
1114 3203 1250 3285 gravidae

180 3320 266 3383 genua
279 3322 309 3360 v.
330 3317 384 3375 174
399 3300 446 3360 vel
460 3320 508 3360 ora
520 3298 639 3381 vigilant
652 3299 770 3360 sensibus
785 3322 813 3360 v.
834 3319 888 3378 132
909 3300 1109 3381 suspicionem
1129 3317 1250 3359 movere

184 3414 283 3475 posse,
295 3413 349 3454 nec
363 3393 485 3454 cruciare
495 3400 603 3476 pectora
617 3413 694 3454 mora
706 3414 735 3454 v.
749 3412 806 3454 212
819 3393 1003 3454 locutionem
1018 3412 1082 3452 esse
1097 3390 1249 3451 ridiculam

184 3500 240 3549 etc.
253 3502 275 3547 ².
300 3488 390 3569 Igitur
419 3488 517 3547 statuit
535 3488 579 3546 vir
598 3488 728 3547 eruditus
751 3508 786 3547 ex
808 3487 955 3547 eiusmodi
981 3483 1248 3558 observationibus,

184 3582 356 3663 praesertim
376 3582 406 3641 in
428 3582 534 3641 misera
553 3580 689 3640 codicum
703 3580 791 3641 huius
810 3580 953 3661 epistulae
967 3580 1157 3653 condicione,
1176 3576 1248 3636 nihil

183 3694 270 3757 posse
286 3673 362 3735 effici
377 3674 433 3733 nisi
452 3687 484 3734 ut
502 3692 674 3735 censeamus
688 3674 745 3756 (op.
763 3674 825 3746 cit.,
843 3694 874 3754 p.
899 3673 971 3753 144)
993 3686 1106 3733 textum
1126 3672 1174 3730 hic
1190 3669 1248 3729 illic

215 3850 236 3883 1.
256 3832 320 3881 Sulla
331 3834 432 3896 Epistola
445 3834 556 3879 Ouldiana
567 3832 591 3879 di
601 3832 661 3895 Saffo
672 3848 687 3879 a
700 3834 779 3891 Faonr,
795 3835 820 3880 in
833 3832 923 3881 Public.
937 3833 974 3879 del
987 3833 1017 3880 R.
1029 3833 1048 3879 Ι.
1062 3830 1086 3878 di
1097 3830 1160 3878 studi
1173 3844 1246 3893 supe·

182 3910 238 3957 riori
250 3910 274 3956 di
286 3910 389 3967 Firenze‚
403 3910 451 3957 vol.
463 3909 494 3966 ll,
509 3924 532 3972 p.
549 3923 586 3972 19,
597 3924 619 3955 a.
635 3907 703 3971 1876.

213 4000 236 4033 2.
255 3986 297 4047 Op.
311 3986 359 4043 cit„
371 4001 394 4048 p.
412 3999 455 4044 ¹42
468 4000 519 4048 sqq.
531 3984 569 4033 Cf.
583 3985 787 4032 Commentarium
800 3986 839 4032 his
848 3985 955 4032 versibus
964 3984 1106 4031 subiectum.

249 4088 349 4129 91111-
365 4086 435 4127 Ouidii
443 4087 495 4141 epist.
507 4086 555 4127 Her.
1182 4083 1194 4123 6
