3159 5017
648 523 809 586 ....„..

194 650 345 702 auctorem
359 636 520 721 prodentes
532 638 665 721 saepein
677 639 745 699 Am.
763 637 844 699 libris
854 638 983 720 reperies
999 652 1021 699 ¹.
1033 637 1110 700 Vide
1120 651 1219 700 tamen
1230 659 1267 707 an

195 732 274 795 Paris
288 732 346 794 iam
361 744 451 795 nutus
466 746 495 794 et
506 732 671 793 amantium
683 733 768 815 signa
784 732 901 807 calleat,
921 733 1004 807 XVI,
1019 734 1077 806 258
1097 753 1105 793 :

351 866 385 923 Et
396 866 479 922 modo
493 883 539 940 per
551 878 648 922 nutum
662 868 740 940 signa
754 866 868 941 tegenda
883 866 997 933 dabam3

194 1019 261 1162 pum
281 1002 433 1091 perpende
453 1024 490 1067 an
511 1026 549 1089 ex
569 1005 627 1068 alio
648 1004 732 1069 fonte
758 1004 904 1067 effluxerit
926 1004 977 1066 ille
1000 1006 1069 1067 Am.
1095 1007 1133 1082 ΙΙ,
1156 1026 1188 1083 4,
1218 1022 1268 1091 17,

207 1120 278 1165 ocus
296 1122 303 1163 :

353 1234 399 1289 Me
410 1246 507 1307 specta,
522 1246 657 1308 nutusque
670 1251 747 1291 meos
757 1234 917 1307 vultumque
928 1233 1080 1307 loquacem.

354 1319 451 1393 Excipe
462 1318 573 1375 furtivas
583 1333 609 1376 et
621 1318 689 1375 refer
700 1320 756 1392 ipse
768 1331 860 1385 notas,
870 1332 922 1374 etc.

233 1445 312 1508 Artis
328 1447 396 1507 Am.
413 1465 484 1507 vero
502 1458 656 1528 praecepta
671 1446 728 1506 iam
743 1446 774 1505 in
788 1444 929 1527 Epistulis
943 1445 1074 1527 primum
1093 1445 1227 1520 elucent,
1242 1447 1267 1507 si

196 1540 314 1624 quando
327 1560 373 1601 res
381 1540 634 1623 opportunitatem
642 1538 777 1621 praebet3
789 1558 898 1621 nempe
908 1539 1039 1599 Phaedra
1051 1540 1081 1599 in
1093 1538 1260 1622 Hippolyto

195 1634 313 1695 vultum
347 1634 476 1717 rigidum
512 1646 697 1716 trucemque,
726 1635 856 1716 rigorem
889 1634 1064 1716 positosque
1098 1634 1162 1696 sine
1196 1648 1258 1695 arte

197 1728 318 1810 capillos
332 1728 438 1811 diligit,
455 1728 534 1811 quia,
554 1730 605 1802 IV,
622 1728 674 1803 76,

392 1862 456 1918 Fine
468 1861 519 1917 ooli
531 1861 640 1917 modico
654 1866 740 1917 iorma
753 1860 837 1915 virilis
849 1873 931 1916 amat.

235 2004 274 2063 At
301 2002 374 2063 haec
401 2002 546 2063 sententia
571 2002 730 2084 ipsumque
756 1998 928 2082 exemplum
956 1999 992 2061 ab
1023 1998 1204 2062 Heroidibus
1235 2002 1265 2061 in

196 2097 298 2158 Artem
316 2096 385 2156 Am.
404 2093 552 2177 migrabit,
574 2096 598 2170 Ι,
618 2112 685 2173 509.
700 2095 786 2155 Certe
800 2114 905 2155 omnes
920 2093 1114 2176 epistularum
1131 2107 1263 2156 amantes

198 2187 271 2251 nihil
285 2188 364 2251 aliud
378 2208 467 2272 quam
482 2202 637 2270 praecepta
651 2190 709 2249 iam
726 2201 890 2271 sequuntur
902 2208 977 2272 quae
989 2190 1137 2270 posterius
1147 2190 1178 2249 in
1194 2190 1266 2249 Arte

122 2291 131 2313 ⁶
197 2284 310 2365 digeret
333 2281 476 2359 Ovidius;
499 2282 541 2344 sic
555 2282 711 2359 Acontius,
728 2302 798 2343 cum
824 2282 961 2365 Cydippe
984 2281 1062 2343 lecto
1085 2302 1170 2366 aegra
1191 2283 1267 2344 iacet

198 2396 295 2461 neque
307 2377 344 2439 ad
356 2397 421 2439 eam
436 2377 578 2439 veniendi
593 2389 725 2459 potestas
740 2374 825 2437 facile
839 2375 934 2453 datur,
950 2378 1018 2452 XX,
1038 2396 1092 2461 132
1110 2398 1118 2439 :

392 2510 495 2565 Anxius
509 2510 562 2565 huc
576 2510 639 2565 illuc
653 2509 852 2566 dissimulanter
866 2528 914 2580 eo;

394 2594 547 2668 Subsequor
559 2595 683 2652 ancillam
695 2594 821 2651 furtim...

240 2722 340 2794 Quem
359 2719 461 2783 locum
475 2721 555 2783 haud
570 2741 675 2804 parum
693 2720 842 2784 illustrant
858 2720 908 2784 illa
925 2723 989 2785 Art.
1010 2723 1079 2783 Am.
1095 2733 1263 2805 praecepta,
1363 2791 1366 2798 Ἰ

199 2818 224 2892 Ι,
241 2817 324 2894 488:

396 2936 501 2991 Interea
514 2937 570 2992 sive
582 2935 627 2992 illa
641 2950 701 2991 toro
711 2936 836 3009 resupina
847 2934 957 3005 seretur,
1012 2944 1014 2948 '

393 3021 527 3077 lecticam
536 3021 662 3077 dominae
675 3021 871 3077 dissimulanter
882 3021 926 3077 adi
940 3034 963 3078 ².

239 3148 365 3215 Facilius
386 3151 475 3214 etiam
494 3172 529 3213 ex
550 3151 729 3215 Heroidibus
749 3152 1034 3234 Metamorphoseon
1057 3165 1087 3214 et
1112 3154 1266 3215 Fastorum

199 3245 289 3308 libros
303 3246 439 3329 augurari
449 3246 534 3323 licet3
552 3245 651 3307 inillis
666 3246 748 3308 enim
762 3260 876 3308 veteres
891 3246 1042 3324 historiae,
1055 3266 1129 3330 quae
1143 3260 1265 3329 propter

199 3341 404 3424 antiquitatem
418 3338 584 3401 fabularum
600 3340 669 3401 loco
685 3340 843 3416 habentur,
862 3361 898 3402 ex
915 3342 1122 3402 vetustissimis
1139 3342 1265 3403 a'uctori·

199 3433 254 3497 bus
273 3432 414 3496 collectae
435 3432 638 3496 describentur
659 3448 688 3497 et
705 3434 850 3518 quidquid
871 3434 920 3496 alii
940 3436 1044 3497 Graeci
1060 3436 1215 3517 Latinique
1236 3449 1266 3497 et

199 3543 305 3613 poetae
327 3541 357 3590 et
374 3529 507 3590 historici
533 3528 697 3591 litterarum
720 3530 924 3590 monumentis
947 3530 1205 3605 commendarunt,
1234 3528 1263 3590 id

200 3640 291 3685 omne
311 3623 438 3685 Ovidius
452 3624 483 3683 in
499 3641 551 3685 eos
567 3622 737 3701 transferet3
760 3624 790 3685 in
810 3623 901 3685 Fastis
920 3637 1020 3685 autem
1036 3636 1208 3706 persecutus
1220 3637 1266 3685 est

201 3736 274 3803 quae
289 3717 324 3779 ad
339 3718 480 3801 pristinos
495 3719 700 3780 Romanorum
714 3717 864 3800 pertinent
878 3719 950 3780 ritus
966 3732 1045 3780 tauta
1059 3718 1181 3801 quidem
1194 3738 1265 3779 eru-

232 3917 253 3953 1.
272 3903 309 3951 ef.
323 3904 378 3967 Ep,
390 3904 434 3963 IV,
448 3920 486 3969 79,
502 3905 598 3964 etAm.,
610 3920 647 3964 11,
663 3916 684 3966 5,
697 3919 725 3967 43
736 3922 742 3963 ;
755 3905 810 3967 Ep„
821 3905 853 3963 V,
865 3918 904 3967 71,
916 3915 939 3953 et
948 3906 1014 3965 Am„
1027 3921 1065 3965 11,
1079 3904 1102 3963 6,
1113 3906 1207 3967 43Ep.,
1218 3904 1262 3964 Vl,

203 3994 245 4045 91,
255 3989 278 4028 et
287 3982 352 4040 Am,
368 3981 411 4039 111,
425 3994 449 4043 7,
464 3996 502 4041 ²9·

229 4070 253 4107 2.
270 4055 308 4108 cf.
321 4066 394 4107 totam
405 4055 454 4106 fere
464 4056 521 4106 XVI
533 4056 623 4105 Paridis
635 4057 700 4121 epist.
712 4056 743 4105 ad
754 4057 874 4106 Helorum.
