3159 5017
199 618 343 698 Leander,
360 619 411 705 qui
427 620 457 683 in
471 618 676 684 adversantem
687 622 799 684 natanti
814 622 928 683 Borean
941 621 988 683 his
995 618 1093 682 verbis
1103 617 1262 699 invehitur,

199 718 313 792 XVIII,
332 732 367 796 37
380 736 444 799 sqq.
465 737 472 776 :

338 868 416 921 Atto
429 860 462 920 de
474 864 570 938 rapidis
582 866 835 921 ImmansuetIssime
846 864 943 931 ventis,

340 952 414 1015 Quid
428 968 536 1005 mecum
549 965 620 1006 certa
634 950 733 1024 proelia
744 967 835 1006 mente
849 951 937 1023 gens?

337 1037 368 1090 ln
378 1054 432 1103 me,
444 1036 466 1091 si
481 1037 577 1102 nescis,
592 1038 684 1104 Borea,
698 1052 754 1090 non
765 1052 889 1107 aequora,
903 1036 996 1092 saevis.

340 1121 413 1185 Quid
425 1120 533 1189 faceres,
549 1134 617 1177 esset
629 1122 657 1176 ni
669 1121 716 1175 tibi
731 1133 812 1176 notus
824 1121 917 1175 amor?

340 1206 409 1261 Tam
419 1206 522 1278 gelidus
536 1206 608 1278 quod
623 1207 667 1275 sis,
683 1224 750 1261 num
761 1220 788 1261 te
800 1220 900 1273 tamen,
912 1204 1041 1278 improbe,
1057 1204 1195 1277 quondam

340 1292 449 1364 Ignibus
463 1292 568 1347 Actaeis
578 1290 716 1347 incaluisse
730 1292 830 1365 negas?

340 1376 445 1432 Gaudia
459 1388 565 1449 rapturo
578 1377 599 1433 si
612 1377 672 1450 quis
683 1377 730 1432 tibi
745 1376 867 1431 claudere
878 1375 958 1431 vellet

307 1468 310 1479 '
341 1460 437 1517 Aerios
448 1460 543 1529 aditus,
558 1478 612 1533 quo
626 1474 742 1534 paterere
756 1463 858 1517 modo?

340 1547 430 1614 Parce,
446 1563 548 1618 precor,
560 1546 717 1619 facilemque
730 1564 812 1603 move
822 1546 983 1602 moderatius
996 1562 1088 1604 auram
1102 1563 1110 1599 ε

341 1632 457 1705 Imperet
470 1631 634 1704 HIppotades
648 1632 684 1687 sic
698 1633 745 1687 tihi
759 1633 835 1688 triste
843 1632 922 1687 nihil.

240 1770 388 1853 Denique,
405 1784 437 1833 ut
453 1771 529 1831 hanc
549 1770 755 1853 disputationis
773 1785 888 1853 partem
908 1770 1073 1845 absolvam,
1091 1770 1159 1831 satis
1177 1767 1265 1829 luerit

199 1862 329 1925 indicare
337 1884 432 1947 genus
441 1862 500 1926 hoc
509 1864 752 1927 declamatorium
760 1884 977 1948 nonnunquam
985 1864 1021 1925 ad
1029 1861 1265 1945 tragicumillum

200 1976 369 2019 sermonem
385 1959 460 2019 verti
475 1959 526 2042 qui
543 1963 692 2042 μονολόγος
706 1980 722 2019 a
735 1960 854 2021 Graecis
868 1959 1041 2042 appellatur,
1056 1970 1085 2017 et
1096 1958 1127 2017 in
1142 1956 1265 2017 Medeae

199 2050 316 2113 fabulae
337 2066 458 2114 auctore
482 2052 560 2113 haud
584 2053 736 2114 mirandus
759 2053 886 2115 videtur.
911 2055 1020 2114 Nonne
1044 2050 1194 2131 Euripidis
1214 2049 1266 2109 hic

200 2147 337 2207 meminit
356 2166 425 2207 cum
446 2147 581 2208 Canacen
606 2146 722 2209 inducit
741 2146 777 2208 ad
796 2159 910 2229 patrem
929 2164 1103 2207 conversam
1122 2157 1152 2206 et
1172 2142 1266 2205 excla-

200 2253 344 2316 mantem,
361 2242 446 2323 epist.
466 2242 519 2317 XI,
539 2260 691 2305 tor-122:

359 2388 408 2443 His
421 2402 480 2443 mea
492 2388 657 2455 muneribus,
671 2389 786 2463 genitor,
801 2388 914 2443 conubia
927 2386 1030 2443 donas?

358 2472 415 2527 Hac
428 2485 473 2530 tua
484 2473 557 2540 dote,
572 2485 654 2546 pater,
669 2473 724 2529 filia
738 2474 812 2528 dives
824 2475 892 2528 erit?

359 2556 437 2617 Tolle
449 2557 551 2629 procul,
567 2558 685 2631 decepte,
701 2558 779 2627 faces,
794 2559 959 2631 Hymenaee,
971 2558 1088 2624 maritas,
1105 2569 1155 2611 etc.

240 2695 338 2756 Viden
346 2715 406 2777 quo
419 2696 510 2757 nimia
524 2694 673 2771 facilitate,
683 2716 745 2757 non
759 2696 898 2758 adhibitis
910 2696 1012 2757 iudicii
1025 2695 1126 2769 frenis,
1135 2694 1265 2756 Ovidius

201 2789 564 2872 extrahatur?Itaquoque
572 2789 800 2851 existimandum
810 2804 854 2851 est
863 2790 1001 2851 eximiam
1012 2788 1092 2851 illam
1101 2789 1265 2850 doctrinam

201 2897 230 2944 et
250 2884 342 2943 totius
359 2883 452 2943 ferme
472 2884 652 2965 antiquitatis
674 2884 829 2945 scientiam
851 2884 968 2965 saepius
992 2883 1139 2943 exundare
1167 2902 1264 2965 neque

201 2977 276 3037 intra
288 2976 361 3037 recti
378 2974 453 3037 fines
469 2977 610 3039 coerceri.
628 2976 749 3039 Publica
765 2978 820 3037 ista
839 2977 973 3038 materies
995 2977 1133 3058 cupidius
1153 2975 1188 3036 ab
1207 2977 1266 3036 hoc

200 3082 340 3153 usurpata
358 3070 388 3129 in
408 3085 583 3153 argumento
603 3070 731 3131 nimium
752 3090 822 3131 sane
842 3069 944 3132 locum
965 3070 1096 3146 obtinet;
1119 3090 1189 3131 nam
1211 3069 1265 3129 etsi

169 3174 173 3180 ’
199 3164 273 3225 haec
287 3162 454 3225 fabularum
465 3177 638 3226 ornamenta
649 3164 680 3225 in
693 3163 873 3225 carminibus
882 3166 1021 3247 antiquos
1030 3165 1156 3226 lectores
1166 3164 1265 3224 minus

200 3257 401 3333 offendebant,
417 3271 520 3340 utpote
535 3259 585 3341 qui
602 3258 768 3321 studiorum
785 3278 907 3319 suorum
924 3260 1092 3341 magistram
1112 3258 1265 3319 Graeciam

200 3350 383 3426 habuissent,
400 3352 561 3413 severiores
578 3365 656 3413 certe
671 3366 788 3434 poetae,
805 3351 899 3434 qualis
912 3352 1059 3435 Vergilius
1072 3350 1139 3425 fuit,
1161 3351 1192 3411 in
1206 3350 1265 3410 hoc

200 3464 309 3527 genere
338 3445 535 3527 castigatiores
565 3459 593 3507 et
626 3446 855 3507 verecundiores
885 3459 978 3507 erant.
1012 3447 1070 3506 Hic
1099 3457 1198 3506 autem
1229 3443 1264 3503 ad

200 3538 469 3601 Alexandrinorum
487 3539 684 3601 imitationem
699 3538 823 3621 paulum
837 3559 974 3621 vergens,
992 3559 1120 3621 quorum
1136 3557 1265 3599 consue-

199 3631 335 3693 tudinem
350 3632 409 3693 iam
424 3633 593 3715 Propertius
604 3632 718 3694 avidius
734 3634 906 3714 arripuerat,
923 3646 953 3693 et
966 3652 982 3693 a
994 3645 1129 3693 veterum
1142 3631 1265 3692 sanitate

202 3723 364 3801 declinans,
381 3726 534 3787 scientiam
551 3746 634 3787 suam
649 3727 679 3786 in
695 3726 838 3808 Epistulis
855 3725 980 3787 libenter
995 3738 1132 3787 ostentat.
1149 3726 1265 3786 Omnes

201 3818 283 3881 enim
296 3820 366 3880 istae
383 3819 521 3883 heroides
535 3820 801 3881 vetustissimarum
816 3818 982 3880 fabularum
997 3818 1168 3901 cognitione
1185 3815 1264 3878 calli-

200 3912 338 3975 dissimae
354 3912 503 3988 videntur,
522 3932 619 3996 neque
640 3933 687 3974 eas
704 3913 752 3974 vel
772 3912 912 3974 minimae
929 3913 1069 3996 gravitate
1090 3925 1118 3972 et
1139 3912 1265 3972 omnino

201 4004 351 4069 abstrusae
372 4024 418 4067 res
437 4005 567 4089 fugiunt,
589 4006 629 4068 ita
649 4022 682 4069 ut
701 4020 804 4068 vatum
824 4005 954 4068 carmina
972 4020 1001 4069 et
1022 4005 1266 4068 doctissimorum

253 4124 319 4171 Pura.
332 4144 361 4169 -φ
373 4122 443 4169 ovid&
452 4124 505 4184 epist.
516 4123 565 4169 Her.
1202 4133 1212 4179 ῃ
