3159 5017
656 510 816 571 -27-÷

291 662 293 669 ,
363 629 493 685 Et·modo
505 628 648 702 porticibus
665 626 1000 701 spatior,·modo·munera
1016 642 1110 697 regum
1194 649 1208 703 ι·

362 715 446 770 Miror
459 726 486 771 et
498 714 526 769 in
540 714 642 769 cunctis
656 713 751 769 stantia
762 712 838 786 signa
852 711 933 778 locis3

997 782 1074 849 XXI,
1095 798 1138 857 99,
1156 800 1213 855 sqq.

204 910 296 973 modo
311 910 394 973 ducis
410 911 557 995 quadrigis
569 909 642 972 albis
657 910 767 971 invecti
780 909 989 984 admonemur,
1005 910 1045 984 X,
1069 910 1123 969 126
1138 928 1144 968 :

467 1032 539 1086 Cum
552 1032 654 1087 steteris
669 1031 759 1087 turbae
775 1030 862 1086 celsus
873 1032 902 1085 in
913 1047 961 1086 ore
975 1043 1037 1085 tuae

469 1116 501 1171 Et
516 1116 582 1172 bene
594 1116 711 1171 narrabis
724 1115 809 1171 letum
820 1116 942 1189 taurique
956 1115 1067 1188 virique,

470 1201 514 1256 Me
528 1216 636 1274 quoque
647 1212 754 1257 narrato
769 1212 788 1255 ¹.
1078 1217 1081 1221 ·

203 1324 304 1386 Plures
319 1344 400 1401 sane,
416 1325 440 1385 si
461 1340 586 1402 vacaret,
603 1324 709 1388 referre
725 1325 809 1387 locos
828 1344 996 1408 possemus,
1012 1323 1120 1407 quibus
1140 1321 1268 1383 Ovidius

202 1431 372 1500 temporum
395 1439 648 1502 personarumque
676 1418 797 1494 oblitus,
828 1439 897 1480 suae
925 1419 1023 1500 potius
1045 1417 1146 1478 aetatis
1168 1417 1267 1478 civita·

201 1511 395 1595 tisquequam
411 1514 608 1595 pristinorum
623 1514 806 1574 Graecorum
819 1532 917 1574 mores
930 1510 1046 1593 effingit
1061 1525 1085 1572 ².

243 1606 301 1667 Ista
316 1606 458 1669 Ouidiani
476 1608 588 1690 ingenii
604 1607 797 1669 inclinatione
809 1606 948 1668 effectum
961 1619 1050 1668 estut
1065 1603 1266 1687 Epistularum

202 1699 393 1771 mulierculae
415 1722 476 1762 non
505 1702 597 1763 modo
624 1696 842 1763 vetustissimae
868 1702 969 1763 aetatis
997 1700 1114 1761 feminis
1138 1698 1265 1784 nimium

202 1793 360 1855 dissimiles
374 1796 444 1871 sint,
461 1794 512 1857 sed
527 1787 564 1856 ne
580 1798 778 1857 Romanarum
794 1794 916 1878 quidem
930 1809 1129 1857 matronarum
1141 1792 1266 1874 dignita-

201 1900 263 1949 tem
291 1889 461 1963 retinentes,
487 1889 666 1973 putidaeque
697 1904 725 1951 et
751 1888 924 1951 calamistris
953 1889 1080 1963 inustae,
1104 1887 1266 1948 amicarum

201 1980 301 2063 potius
323 1983 499 2044 memoriam
522 1980 663 2045 revoc'ent
683 2003 756 2066 quas
782 1982 910 2045 Ovidius
924 1996 974 2045 aut
993 1980 1130 2042 Tibullus
1148 1979 1265 2040 dilexis·

201 2088 277 2150 sent,
300 2089 332 2139 ut
353 2096 439 2159 saepe
459 2077 539 2138 dicas
556 2091 675 2158 poetam
697 2078 728 2137 in
744 2078 894 2139 Corinnae
912 2089 961 2137 aut
978 2075 1079 2137 Deliae
1101 2074 1222 2156 ingenio
1237 2086 1266 2133 et

201 2167 298 2251 effigie
315 2169 444 2241 defixum
461 2171 497 2231 ad
510 2170 626 2232 illarum
640 2171 829 2232 meretricum
841 2169 1068 2231 similitudinem
1081 2166 1263 2248 Penelopen,

202 2261 335 2344 Phyllida
345 2278 514 2347 ceterasque
527 2264 639 2347 puellas
651 2266 784 2325 oratione
797 2263 995 2326 adumbrasse.
1010 2261 1169 2344 Pleraeque
1184 2260 1265 2322 enirn

201 2356 324 2417 nimiam
339 2376 482 2418 venereae
493 2357 653 2439 voluptatis
675 2358 867 2440 cupiditatem
882 2358 1019 2419 affectant
1037 2369 1066 2416 et
1087 2354 1192 2416 viduos
1207 2353 1265 2414 lec·

201 2462 248 2510 tos
262 2448 440 2535 frigidasque
456 2466 558 2514 noctes
576 2451 692 2525 dolent;
708 2454 803 2537 immo
816 2472 886 2512 vero
899 2450 1073 2513 obsceniora
1082 2448 1224 2533 quaedam
1237 2460 1266 2507 et

201 2562 275 2625 quae
292 2544 440 2626 pudorem
451 2545 604 2607 offendant
618 2565 835 2629 nonnunquam
851 2545 1041 2627 eloquuntur.
1057 2545 1141 2618 Este,
1153 2556 1264 2625 proter·

201 2656 255 2699 vae
269 2636 396 2699 feminae
415 2653 444 2699 et
458 2640 634 2722 procacitate
650 2640 796 2715 famosae,
813 2639 914 2722 quales
930 2638 1061 2700 Phaedra
1074 2651 1123 2701 aut
1138 2636 1263 2712 Helena,

201 2730 389 2794 immodestis
404 2734 556 2795 sententiis
574 2746 602 2795 et
616 2732 714 2794 verbis
728 2732 891 2795 oblectatae
904 2746 991 2794 sunt·
984 2733 1153 2816 ,patiamur
1169 2732 1265 2812 impu·

199 2824 297 2888 dicam
315 2846 485 2903 novercam,
503 2841 532 2889 et
551 2829 675 2888 Veneris
690 2827 761 2889 odio
776 2827 922 2911 perditam
942 2829 1080 2911 turpique
1094 2846 1196 2889 amore
1213 2825 1263 2886 fla·

200 2934 388 3027 grantem,
367 2920 507 2982 omnibus
526 2920 689 3002 voluptatis
709 2921 868 2983 lenociniis
891 2921 1019 3003 gaudere
1043 2935 1073 2981 et
1096 2919 1263 3002 Hippolyto

201 3015 344 3097 pomaria,
371 3035 446 3097 quae
465 3014 561 3097 plenis
581 3016 669 3075 ramis
686 3034 804 3097 carpere
826 3017 932 3097 possit,
958 3015 1144 3097 primamque
1166 3033 1264 3073 rosam

200 3108 283 3169 tenui
297 3127 397 3189 ungue
410 3107 617 3191 delegendam,
634 3111 685 3183 lV,
704 3128 752 3187 29,
765 3123 965 3192 praetentare;
979 3128 1148 3192 quanquam
1157 3106 1264 3168 melius

199 3218 245 3267 est
256 3205 466 3267 huiuscemodi
477 3206 606 3288 picturas
617 3227 633 3267 a
645 3206 825 3271 carminibus
838 3209 1028 3268 etMusarum
1041 3205 1170 3268 delubris
1181 3194 1263 3268 amo·

199 3305 261 3365 veri
287 3327 295 3365 :
320 3304 372 3365 sed
394 3324 496 3388 graves
520 3318 549 3365 et
572 3319 705 3367 veterum
734 3319 836 3366 vatum
862 3304 985 3367 artificio
1009 3319 1124 3367 sanctas
1157 3326 1264 3366 uxores

200 3400 351 3483 puellasve
366 3400 478 3477 induci,
495 3422 570 3485 quae
585 3402 729 3464 mollibus
748 3402 861 3464 deliciis
882 3403 996 3465 deditae
1013 3424 1076 3466 esse
1098 3418 1127 3465 et
1143 3405 1264 3465 amissae

201 3493 366 3565 dulcedinis
385 3495 531 3557 desiderio
555 3496 711 3558 videantur
728 3517 868 3573 marcere,
889 3498 1014 3558 minime
1030 3518 1098 3558 sane
1120 3497 1218 3558 decuit
1237 3510 1266 3557 et

201 3587 360 3650 absurdum
385 3588 534 3671 flagitium,
553 3589 618 3650 fuit.
647 3593 729 3652 Num
749 3611 784 3651 ex
798 3592 893 3672 Epist.
918 3593 931 3650 Ι
957 3590 1162 3672 gravissimam
1184 3589 1265 3651 illam

201 3682 372 3765 Penelopen
385 3673 534 3765 agnoscis,
551 3703 625 3765 quae
649 3686 789 3745 maritum
810 3684 962 3745 absentem
977 3685 1082 3767 viginti
1098 3704 1151 3767 per
1171 3704 1266 3744 annos

231 3884 254 3919 1.
271 3868 393 3919 Numeros
402 3885 487 3935 sequor
498 3871 607 3919 editionis
618 3886 689 3943 quam
698 3882 826 3943 apparatu
815 3872 896 3921 critico
907 3873 1061 3959 instruxitH.
1072 3872 1107 3945 St.
1121 3872 1263 3939 Sedlmayer,

198 3935 364 4002 vindobonae,
380 3945 447 3994 1886.

232 4036 255 4071 a
272 4021 311 4071 Cf.
326 4022 369 4083 Vl,
384 4023 412 4085 ὃς
424 4037 491 4087 sqq
500 4023 567 4084 Vlll,
581 4024 624 4085 88,
634 4024 688 4084 llll,
700 4038 731 4089 70
742 4034 835 4087 et137
847 4024 912 4085 Xlll,
926 4036 987 4087 5oet
999 4027 1037 4088 85
1052 4026 1194 4091 etpassim..
1249 4030 1257 4039 “
