3159 5017
735 492 896 567 ..34-

284 626 391 710 quibus
406 626 549 689 collocata
560 639 605 687 est
617 626 739 707 Sappho
755 626 831 686 inter
842 623 990 685 fabulosas
1000 621 1113 705 puellas
1124 623 1185 684 sive
1197 623 1348 699 heminas,

282 736 311 782 et
334 723 450 783 videtur
476 721 627 782 Ausonius
654 719 758 780 Ovidii
785 718 956 800 exemplum
983 731 1100 779 secutus
1128 737 1203 778 esse.
1231 718 1349 799 Nempe

282 836 357 897 quae
371 816 406 878 de
421 814 540 876 feminis
552 812 609 875 illis
624 826 778 875 narrantur
786 813 816 872 in
826 813 952 873 Ausonii
968 836 983 868 r
997 810 1104 895 Cupido
1117 811 1193 871 cruci
1203 810 1302 893 affixus
1317 835 1347 886 a,

282 930 331 969 vv.
348 929 396 986 22,
412 929 461 985 24,
479 928 526 987 31,
545 911 593 987 38,
610 927 645 987 39
660 921 692 968 et
705 908 762 989 Ep.
777 907 870 982 XCV,
885 906 1035 987 aptissime
1048 918 1217 988 congruunt
1231 925 1300 966 cum
1312 905 1348 965 iis

282 1023 357 1084 quae
373 1004 403 1063 in
417 1003 573 1064 Ovidianis
585 1001 718 1083 epistulis
733 998 911 1076 referuntur,
926 1002 999 1061 Her.
1013 1002 1123 1076 XVIII,
1142 1017 1175 1079 35
1185 1022 1194 1076 ;
1206 1002 1273 1076 XV,
1292 1000 1345 1074 165

283 1116 348 1178 sqq.
358 1118 366 1172 ;
378 1098 417 1173 X,
430 1116 479 1174 72,
493 1110 523 1157 et
540 1114 607 1176 103,
623 1096 677 1171 XI,
696 1110 743 1175 3¹.
762 1096 916 1155 Praeterea
933 1108 1109 1176 argumento
1129 1093 1346 1155 ratiocinationi

285 1203 401 1250 nostrae
419 1203 487 1250 sunt
503 1203 533 1250 et
548 1188 637 1251 verba
650 1188 835 1270 grammatici
850 1186 949 1258 Probi,
968 1188 1019 1269 qui
1035 1188 1113 1249 circa
1129 1208 1205 1247 saec.
1228 1206 1259 1247 tv
1276 1187 1349 1246 vixit

287 1284 357 1343 etin
371 1281 530 1345 Catholicis
547 1282 673 1365 scripsit,
691 1283 742 1358 IV,
758 1302 788 1363 p.
812 1300 860 1360 30,
879 1280 945 1342 Keil
964 1303 971 1342 :
995 1305 1010 1337 ι
1028 1280 1082 1343 this
1100 1281 1202 1342 tertiae
1221 1279 1348 1343 declina-

287 1378 376 1437 tionis
393 1376 446 1439 Ihr's
463 1377 511 1437 vel
527 1375 569 1437 dis
584 1374 653 1437 iacit
667 1376 820 1458 genetivo,
835 1376 910 1435 haec
927 1375 1037 1451 Atthis,
1055 1375 1144 1435 huius
1157 1374 1286 1436 Atthidis
1302 1373 1351 1435 vel

286 1471 384 1531 Atthis
400 1492 407 1530 :
425 1472 467 1531 sic
481 1471 619 1532 Ovidius.
638 1494 654 1527 n
669 1470 755 1539 Quae
769 1467 859 1529 verba
873 1468 909 1528 ad
924 1469 1061 1551 Sapphus
1077 1470 1163 1551 epist.
1177 1488 1296 1529 versum
1314 1469 1350 1529 18

287 1562 399 1639 referri,
413 1564 537 1623 minime
552 1577 649 1623 autem
660 1563 753 1638 Attin,
765 1577 871 1622 notum
883 1561 1009 1643 Cybeles
1018 1576 1182 1623 amatorem
1192 1563 1349 1644 respicere,

288 1677 349 1717 non
362 1656 438 1718 male
451 1656 570 1738 collegit
582 1656 765 1738 Comparetti
777 1655 836 1738 (op.
851 1655 912 1729 cit,
927 1676 958 1737 p.
976 1654 1045 1735 ro);
1060 1656 1143 1717 cuius
1155 1656 1351 1716 ratiocinatio·

286 1770 356 1810 nem
371 1749 498 1831 amplexi
514 1764 581 1810 sunt
596 1752 641 1811 De
654 1750 740 1810 Vries
752 1750 811 1833 (op.
824 1747 884 1823 cil,
904 1768 936 1829 p.
957 1749 1028 1830 121)
1039 1763 1068 1810 et
1087 1750 1154 1810 Nic.
1176 1748 1270 1809 Barbu
1288 1749 1349 1830 (op.

283 1843 343 1919 cit„
366 1865 397 1926 p.
415 1860 451 1919 17
466 1843 559 1927 sqq.).
578 1845 669 1925 Igitur
688 1842 724 1904 ab
740 1843 875 1903 AusonIo
893 1856 922 1902 et
939 1843 1037 1903 Probo
1056 1857 1089 1903 ut
1108 1844 1257 1905 Ovidiana
1276 1842 1351 1903 lecta

284 1957 347 1997 esse
369 1938 443 1997 haec
468 1938 606 2019 Sapphus
628 1938 713 2019 epist.
738 1937 864 1997 videtur.
885 1936 1078 2005 Quinetiam
1098 1938 1260 2007 versavisse
1282 1956 1349 1997 eam

284 2051 374 2091 manu
387 2045 416 2091 et
428 2032 459 2091 in
473 2051 560 2092 usum
575 2052 662 2091 suum
677 2030 857 2113 excerpsisse
872 2029 1046 2090 manifestus
1060 2044 1104 2091 est
1113 2032 1225 2091 Auctor
1235 2032 1351 2091 Conso·

284 2123 401 2185 lationis
417 2124 452 2186 ad
470 2125 596 2200 Liviam,
610 2144 700 2206 quam
715 2138 782 2184 ante
795 2124 924 2185 Neronis
932 2122 1036 2184 saltem
1048 2136 1184 2205 tempora
1200 2124 1351 2204 conscrip-

285 2231 345 2279 tam
358 2238 422 2278 esse
437 2219 492 2279 viri
505 2218 584 2279 docti
600 2231 722 2279 censent
734 2228 764 2292 ²3
778 2237 879 2277 versus
892 2232 991 2278 autem
1011 2219 1077 2292 106,
1094 2236 1167 2293 204,
1188 2237 1258 2294 241,
1281 2236 1351 2277 cum

285 2310 417 2373 versibus
426 2332 473 2394 ep.
486 2313 623 2393 Sapphus
637 2327 703 2388 154,
716 2329 763 2388 54,
777 2314 826 2387 81,
836 2326 968 2393 apertam
976 2310 1348 2393 similitudinemprodunt.

286 2407 340 2466 His
348 2406 512 2487 perpensis,
523 2426 590 2466 cunt
599 2404 714 2466 nullum
725 2418 934 2487 argumentum
944 2403 1189 2465 rebusfirmatum
1201 2403 1352 2466 attulerint

285 2500 336 2581 qui
351 2499 463 2562 Ovidio
478 2500 555 2561 hanc
567 2498 723 2581 epistulam
736 2498 914 2567 abiudicant,
929 2498 1095 2580 genuinum
1110 2500 1170 2559 hoc
1184 2518 1248 2559 esse
1261 2498 1351 2559 huius

286 2612 362 2673 opus
384 2591 530 2653 affirmare
551 2612 721 2673 possumus.
744 2595 811 2652 Hoc
831 2591 934 2652 saltem
953 2592 1027 2653 mihi
1045 2591 1151 2675 procul
1166 2591 1258 2654 dublo
1275 2605 1350 2652 stare

284 2686 411 2761 videtur,
433 2686 599 2769 argumenti
626 2686 823 2768 expositione,
847 2686 1059 2746 sententiarum
1087 2706 1180 2761 nexu,
1208 2685 1351 2746 orationis

285 2778 441 2861 elegantia,
469 2794 529 2840 arte
552 2780 742 2863 grammatica
770 2792 800 2839 et
825 2779 945 2839 metrica
973 2800 1033 2839 non
1065 2779 1217 2861 indignam
1246 2779 1351 2839 ceteris

285 2872 465 2933 Heroidibus
484 2874 560 2933 hanc
576 2893 657 2949 esse3
676 2892 773 2954 neque
786 2872 865 2933 aliud
880 2874 910 2932 In
924 2872 980 2933 hac
992 2872 1251 2933 commentationis
1267 2885 1350 2955 parte

285 2966 487 3027 demonstrare
502 2967 689 3049 propositum
702 2964 788 3026 nobis
801 2965 866 3025 suit.

326 3062 370 3119 De
392 3059 447 3120 hac
469 3062 524 3121 XV
543 3061 629 3142 epist.
653 3059 745 3119 fusius
767 3060 901 3135 disserui,
920 3073 952 3120 ut
970 3058 1159 3120 manifestum
1180 3058 1264 3119 fieret
1284 3078 1351 3119 eam

286 3152 392 3234 ipsam,
409 3173 497 3235 quam
513 3153 658 3235 imprimis
673 3152 804 3234 spuriam
818 3152 924 3214 eruditi
939 3154 1059 3235 quidam
1071 3154 1126 3212 viri
1135 3154 1348 3228 existimarent,

287 3267 348 3307 non
363 3245 411 3306 alii
426 3261 513 3329 atque
533 3246 644 3307 Ouidio
663 3246 821 3307 adiudicari
839 3266 938 3327 posse.
958 3248 1003 3307 De
1022 3248 1126 3306 ceteris
1145 3245 1273 3307 breviter
1286 3265 1350 3305 rem

286 3360 452 3421 exponam3
475 3340 581 3401 namsi
600 3340 725 3400 eandem
741 3340 888 3400 rationem
907 3340 953 3399 his
973 3340 1112 3400 adhibere
1129 3339 1249 3415 vellem,
1269 3338 1349 3398 sasti-

287 3433 370 3495 diosa
382 3448 507 3495 exstaret
526 3433 684 3515 disputatio
699 3446 728 3493 et
745 3433 780 3493 ad
800 3432 1060 3493 demonstrandam
1075 3433 1217 3495 Ovidiani
1236 3432 1350 3513 ingenii

287 3526 419 3588 indolem
445 3541 475 3588 et
497 3527 678 3609 peculiarem
702 3527 734 3586 in
758 3527 975 3608 componendis
1001 3529 1071 3587 Her.
1101 3526 1233 3609 epismlis
1257 3539 1352 3586 artem

287 3640 504 3702 supervacanea
517 3620 608 3681 videri
623 3634 733 3702 posset.
751 3622 855 3681 Unum
871 3619 988 3696 addam,
1006 3620 1088 3703 quod
1100 3620 1248 3681 studIosus
1261 3617 1350 3701 quili-

288 3713 338 3775 bet
352 3713 445 3776 Iector
457 3713 599 3796 exemplis
611 3713 736 3796 probare
751 3715 855 3796 possit,
869 3713 979 3775 scilicet
992 3715 1203 3775 sententiarum
1219 3712 1353 3774 sImiIitu-

324 3930 345 3964 1.
364 3916 438 3963 Leves
445 3916 501 3963 alias
512 3914 681 3963 similitudines
688 3915 841 3977 deprehendit
855 3915 892 3962 De
903 3915 980 3972 VrIes,
992 3923 1025 3977 op.
1038 3916 1088 3975 cin,
1099 3932 1121 3979 p.
1137 3928 1190 3976 123,
1204 3929 1258 3975 124.

318 4006 342 4041 a.
361 3990 398 4040 Cf.
413 3991 450 4039 De
463 3992 540 4054 Vries,
553 3990 654 4055 op.{cr't.,
663 4007 687 4055 p.
703 4005 756 4051 124,
769 4002 793 4039 et
805 3991 892 4050 Barbu,
904 3998 938 4054 op.
949 3992 997 4049 cit„
1012 4006 1035 4055 p.
1049 4005 1088 4054 27.
