3159 5017
641 534 804 595 ..ψ

189 648 285 711 cendd
305 650 379 731 quae
399 648 458 709 iam
472 646 621 710 ¹oblivioni
644 662 727 711 erant
749 648 811 711 fere
832 647 926 724 datae,
949 646 1083 708 un'de'in'
1091 648 1204 709 Ouidio
1217 648 1255 712 d'e

188 743 261 803 Arte
285 743 437 804 Amatoria
463 743 633 804 continetur
662 764 671 804 ε
699 743 838 825 ignotum
868 742 928 805 hoc
955 740 1019 802 aliis
1051 740 1101 802 ille
1134 743 1257 804 novavit

189 841 266 918 opud
282 850 303 896 ¹.
323 860 339 893 a
656 892 659 899 ,
998 847 1001 849 ’

230 930 376 1001 Quantuli
397 945 498 993 autem
517 931 664 993 momenti
685 944 754 991 sunt
771 931 847 992 haec
867 928 994 997 scholia!
1016 928 1154 991 Eruditos
1174 930 1254 992 viros

190 1044 251 1084 non
264 1022 338 1085 fallit
353 1044 398 1085 res
411 1036 497 1107 saepe
511 1024 703 1086 ascholiastis
713 1024 890 1107 asseri-quae
902 1024 1083 1085 tenuissimis
1097 1044 1256 1106 argumen·
1328 1062 1332 1067 -

189 1118 226 1178 tis
243 1116 412 1195 fulciantur,
433 1132 463 1179 et
477 1119 565 1181 etiam
581 1119 705 1180 minime
723 1132 893 1199 compertae
910 1118 980 1193 sint,
1004 1117 1033 1177 id
1052 1117 1133 1200 quod
1148 1118 1179 1178 in
1196 1118 1255 1179 hoc

188 1208 269 1286 loco,
286 1208 398 1293 dequo
410 1209 606 1291 disputamus,
625 1206 817 1272 manifestum
835 1224 889 1271 est.
906 1212 984 1273 Nam
1002 1229 1100 1292 neque
1114 1209 1253 1286 Esodius,

189 1317 239 1365 aut
253 1303 397 1365 Ysidorus
412 1317 510 1385 poeta,
529 1318 580 1366 aut
598 1306 701 1367 Astrea
721 1306 834 1387 poetria
857 1303 935 1386 apud
951 1316 1065 1364 veteres
1082 1305 1255 1387 grammati-

189 1418 240 1458 cos
264 1417 390 1480 usquam
414 1412 700 1474 commemorantur,
725 1418 823 1481 neque
847 1398 973 1459 omnino
1000 1396 1065 1473 lieri
1095 1411 1203 1479 potest*
1223 1412 1256 1459 ut

189 1490 288 1563 nullus
303 1492 365 1552 sive
375 1490 553 1569 Ovidianae,
571 1493 633 1553 sive
645 1493 818 1575 posterioris
831 1493 945 1566 aetatis,
959 1492 1074 1553 doctior
1089 1492 1134 1553 vir
1149 1512 1255 1553 eorum

189 1586 374 1647 mentionem
386 1584 669 1670 fecisset,siquidem
679 1585 857 1667 exemplaria
868 1599 938 1647 nota
953 1584 1152 1661 celeberrimis
1166 1588 1255 1647 huius

188 1677 328 1761 Epistulis
354 1679 401 1741 isti
433 1679 646 1761 praebuissent.
679 1681 757 1743 Cum
786 1680 878 1761 igitur
909 1700 1000 1741 nemo
1032 1694 1166 1741 veterum
1195 1680 1256 1742 ulla

188 1793 320 1856 unquam
330 1773 418 1833 huius
431 1774 549 1855 generis
562 1776 692 1835 carmina
705 1773 783 1855 apud
796 1775 924 1835 Graecos
936 1774 1081 1835 exstitisse
1092 1765 1253 1850 tradiderit,

188 1886 226 1955 ne
249 1867 392 1928 exstitisse
413 1867 536 1950 quidem
558 1868 621 1929 iure
643 1868 802 1929 existimari
825 1881 932 1950 potest,
951 1869 1109 1950 praecipue
1129 1887 1198 1929 cum
1217 1867 1255 1929 de

189 1974 275 2043 poeta
287 1974 400 2042 agatur,
418 1975 562 2044 quantum
580 1962 628 2023 hic
643 1961 710 2037 suit,
725 1961 804 2043 apud
822 1963 974 2022 Romanos
991 1960 1176 2043 pervulgato.

199 2072 202 2081 ’
228 2054 305 2115 Nam
322 2055 347 2114 si
366 2053 435 2115 talia
460 2074 476 2113 a
498 2055 617 2115 Graecis
640 2056 770 2115 carmina
793 2055 899 2136 scripta
917 2053 1052 2129 luissent,
1073 2054 1207 2136 prolecto
1226 2069 1257 2117 et

188 2146 238 2208 alii
253 2148 378 2209 Romani
394 2149 424 2208 in
439 2146 575 2209 manibus
588 2169 622 2209 ea
633 2147 819 2223 habuissent,
836 2168 932 2231 neque
944 2146 1071 2209 Ovidius
1082 2161 1142 2209 tam
1156 2162 1257 2231 aperte

188 2239 331 2323 gloriatus
356 2255 434 2302 esset
451 2262 482 2302 se
501 2242 639 2325 ignotum
662 2240 726 2302 aliis
750 2261 828 2323 opus
851 2260 988 2302 novasse.
1009 2243 1080 2302 Non
1102 2242 1183 2303 enim
1208 2244 1255 2303 sui

189 2334 260 2395 huic
273 2334 393 2397 deerant
406 2334 614 2396 detrectatores
624 2336 674 2419 qui
686 2349 736 2397 aut
751 2336 860 2410 statim,
871 2355 940 2396 cum
953 2334 1098 2396 Heroides
1112 2335 1142 2395 in
1155 2334 1255 2397 lucem

188 2426 370 2509 prodierunt,
396 2442 446 2489 aut
468 2430 626 2511 posterius,
648 2428 752 2491 saltem
771 2443 804 2490 ut
821 2430 957 2510 Augusto
975 2426 1166 2491 adularentur
1185 2448 1256 2490 cum

188 2521 218 2581 in
238 2520 341 2582 exsilio
364 2522 412 2583 hic
433 2536 586 2598 marceret,
612 2521 738 2583 stolidae
761 2522 926 2583 iactationis
950 2541 1020 2583 eum
1043 2535 1254 2608 coarguerent3

189 2633 285 2697 neque
302 2614 445 2697 intellego
462 2636 515 2678 cur
538 2615 574 2677 de
598 2617 653 2677 bac
673 2636 705 2677 re
725 2617 864 2698 Hyginus
883 2616 945 2677 sive
965 2613 1025 2675 lbis
1041 2613 1090 2675 ille
1105 2615 1254 2693 tacuisset,

187 2727 278 2791 quem
299 2706 355 2769 sibi
375 2708 608 2771 infensissimum
628 2722 764 2792 expertus
783 2709 853 2770 diris
871 2707 1013 2771 omnibus
1032 2708 1160 2769 devovet
1180 2708 1256 2771 Ovi·

188 2798 263 2876 dius,
283 2816 312 2863 et
326 2816 447 2885 propter
463 2803 643 2886 antiquitatis
658 2802 823 2864 doctrinam
839 2802 1059 2885 Polyhistorem
1073 2803 1254 2863 Historiam·

188 2894 349 2981 que-etiam
361 2916 378 2956 a
389 2895 492 2957 multis
506 2911 646 2958 vocatum
669 2916 732 2958 esse
750 2895 838 2957 tradit
853 2897 1013 2958 Suetonius
1027 2908 1051 2956 ².
1070 2895 1148 2956 Huic
1160 2896 1254 2971 enim,

188 2988 212 3076 si
231 2988 372 3070 cuipiam,
393 2989 594 3051 eruditissimo
612 2991 678 3051 viro
697 3004 767 3051 nota
786 3008 851 3051 esse
874 2987 1040 3051 debuerunt
1059 2989 1188 3050 carmina
1200 2988 1255 3070 ¹illa

188 3082 309 3157 Graeca,
327 3102 404 3166 quae
425 3097 560 3145 secutum
586 3103 651 3145 esse
678 3083 823 3144 Ovidium
854 3083 975 3166 quidam
999 3082 1197 3160 contendunt,
1226 3095 1256 3143 et

187 3174 361 3253 detrectanti
382 3176 565 3238 Ovidianum
585 3177 739 3259 ingenium
759 3176 942 3258 locupletem
966 3176 1003 3237 ad
1025 3175 1208 3237 irridendum
1226 3189 1256 3237 et

187 3268 370 3354 carpendum
383 3283 501 3351 poetam
517 3271 670 3331 materiam
687 3271 912 3352 praestitissent.

229 3362 322 3445 Igitur
337 3383 457 3424 versum
479 3362 575 3439 illum,
594 3363 719 3446 ignotum
741 3363 788 3424 hoc
810 3362 884 3435 aliis,
908 3362 1092 3445 iniquissime
1118 3375 1257 3445 torquere

187 3455 304 3517 videtur
317 3456 443 3532 Werfer,
457 3476 527 3518 cum
545 3458 584 3518 ita
599 3458 784 3539 interpretari
799 3470 922 3519 conatur
937 3479 946 3518 ε
960 3480 976 3513 c
991 3476 1065 3539 quae
1079 3454 1169 3516 verba
1180 3455 1256 3516 mihi

187 3548 309 3631 quidem
323 3549 463 3611 videntur
475 3549 549 3611 nihil
567 3549 647 3611 aliud
668 3550 797 3611 indicare
812 3552 880 3626 nisi,
907 3548 960 3611 llle
979 3548 1141 3632 (Ovidius)
1153 3563 1257 3609 auctor

187 3656 231 3727 est
244 3642 335 3703 huius
353 3644 424 3704 novi
440 3645 548 3729 operiS,
572 3643 652 3727 quod
669 3644 765 3705 adhuc
787 3643 853 3704 aliis
867 3643 1026 3728 (Romanis
1043 3642 1157 3723 poetis)
1169 3642 1255 3723 igno·
1330 3649 1334 3654 ’

187 3748 252 3797 tum
266 3749 326 3797 erat
342 3760 371 3812 »,
388 3738 509 3798 Graecis
522 3736 660 3799 videlicet
671 3738 914 3808 usitatissimum,
928 3749 1033 3817 utpote
1044 3736 1096 3819 qui
1108 3732 1255 3816 exempla·

200 4002 202 4006 ι
214 3955 239 4009 ,1.
260 3940 299 3991 Οἱ.
315 3941 395 4001 Loers,
411 3942 436 4009 in
449 3942 507 3990 edit.
520 3945 645 4007 prooemio,
658 3957 679 3993 c.
694 3944 725 3993 11.

218 4030 240 4064 2.
258 4017 293 4065 De
303 4017 373 4065 illusi.
385 4019 473 4081 grem„
486 4018 540 4066 XX.
