3159 5017
327 608 462 671 virorum
491 622 696 681 monumenta,
728 610 753 670 si
781 629 838 692 qua
858 624 958 671 tamen
984 609 1043 671 iam
1068 622 1139 671 tunc
1163 608 1325 687 exstabant,
1341 630 1391 671 eas

326 702 496 765 exhausisse
515 718 610 785 putes.
634 703 744 765 Saltem
761 703 939 786 exemplaria
958 704 1069 765 Graeca
1088 717 1119 765 et
1131 706 1390 787 grammaticorum

329 798 559 859 commentarios
582 798 707 863 maxima
728 797 862 863 doctrina
882 797 971 859 fartos
991 798 1128 859 evolvere
1150 818 1219 871 eum
1241 796 1390 880 oportebit

325 890 507 975 quicumque
518 892 590 951 haec
607 905 744 973 poemata
754 892 785 951 iu
798 891 940 952 omnibus
954 892 1075 975 quidem
1090 890 1221 974 partibus
1237 893 1390 974 percipere

324 986 432 1067 cupiat.
451 986 561 1067 Epicos
576 986 665 1067 igitur
676 986 862 1069 tragicosque
876 1000 990 1067 poetas,
1004 1000 1033 1047 et
1048 988 1216 1047 Homerum
1231 986 1388 1067 imprimis,

322 1077 489 1140 fabularum
504 1080 682 1140 Graecarum
699 1078 814 1140 fontem
833 1079 919 1140 illum
932 1080 1075 1161 chorique
1090 1080 1275 1161 magistrum,
1291 1094 1389 1141 tenea·

323 1192 390 1233 mus
405 1187 472 1233 ante
490 1193 611 1233 necesse
628 1184 683 1249 est,
702 1193 791 1256 quam
808 1174 932 1235 adhaec
951 1173 1076 1255 legenda
1091 1174 1299 1255 accingamur3
1319 1193 1389 1235 nam

323 1266 446 1327 eximiae
462 1268 550 1327 etiam
570 1266 713 1349 epistulae
731 1282 844 1329 vastam
863 1267 944 1328 illam
964 1267 1163 1329 eruditionem
1179 1266 1331 1329 exhibent.
1354 1268 1388 1328 ln

324 1359 499 1441 Penelopes,
525 1360 685 1435 Briseidos,
705 1362 863 1435 Oenones,
884 1360 992 1436 Didus,
1015 1360 1206 1436 laodamiae,
1227 1360 1337 1421 Paridis
1359 1374 1390 1421 et

322 1453 453 1514 Helenae
482 1453 585 1515 litteris
618 1454 757 1515 scientiae
788 1455 888 1516 omnis
923 1455 1103 1536 principium
1134 1453 1243 1515 obtulit
1277 1453 1389 1517 Ovidio

322 1549 473 1608 Homerus
488 1560 517 1609 et
529 1548 577 1609 alii
588 1546 693 1630 cyclici
702 1547 846 1631 lyricique
856 1562 954 1623 vates;
968 1562 1033 1609 tum
1045 1547 1081 1608 ad
1091 1547 1211 1608 easdem
1220 1560 1388 1631 ceterasque

294 1702 310 1721 g
322 1640 454 1701 doctrina
466 1641 652 1702 illustrandas
667 1642 737 1702 huic
751 1662 843 1722 opem
855 1642 988 1703 tulerunt
1003 1642 1105 1724 tragici
1115 1655 1145 1703 et
1155 1641 1263 1703 comici
1271 1655 1386 1725 poetae,

320 1734 649 1817 Alexandrinorumque
662 1733 756 1795 turba,

359 1831 497 1890 Attamen
513 1828 693 1889 calumniam
709 1830 739 1889 in
751 1829 832 1890 hunc
847 1848 885 1889 ne
901 1829 1057 1911 agitemus,
1074 1830 1098 1889 si
1109 1828 1220 1891 femina
1232 1828 1388 1891 modestis·⁴

321 1923 405 1999 sima,
423 1922 584 2004 Penelope,
604 1943 666 1983 non
682 1923 817 1983 virorum
835 1922 934 1983 solum
954 1924 1078 1984 nomina
1090 1937 1120 1984 et
1136 1923 1223 1999 iacta,
1238 1924 1290 1985 sed
1305 1923 1386 1986 loco·

301 2024 303 2028 “
321 2037 387 2077 rum
399 2037 520 2100 quoque
537 2018 609 2076 situs
624 2017 816 2097 exNestoris,
833 2036 924 2099 quem
934 2016 1133 2078 Telemachus
1141 2017 1211 2079 adiit
1223 2030 1253 2079 et
1264 2018 1387 2079 interro·

320 2112 411 2193 gavit,
428 2124 478 2171 aut
489 2109 616 2171 aliorum
634 2110 745 2171 ducum
759 2109 977 2171 narrationibus
992 2109 1108 2186 didicit,
1126 2112 1150 2187 l,
1168 2130 1202 2191 31
1221 2132 1229 2171 ι

478 2258 568 2331 Atque
582 2258 677 2330 aliquis
691 2259 775 2331 posita
786 2271 919 2313 monstrat
930 2262 984 2313 iera
996 2258 1095 2331 proelia
1109 2275 1211 2327 mensa,

478 2342 567 2415 Pingit
577 2356 604 2397 et
618 2344 714 2416 exiguo
727 2342 927 2416 Pergamarota
938 2360 1013 2399 mero
1027 2362 1034 2398 :

478 2428 535 2481 Hac
546 2428 600 2483 ibat
614 2428 722 2494 Simois,
737 2428 787 2483 hac
801 2441 840 2483 est
857 2428 945 2501 Sigeia
956 2428 1047 2499 tellus;

478 2512 529 2567 Hic
542 2525 650 2568 steterat
664 2513 764 2567 Priami
778 2514 851 2585 regia
862 2514 931 2568 celsa
944 2514 1013 2569 senis
1020 2531 1028 2580 ;

435 2594 437 2598 ’
476 2596 533 2651 Illic
544 2598 682 2664 Aeacides,
696 2598 749 2652 illic
762 2598 889 2652 tendebat
903 2598 1009 2664 Ulixes3

480 2682 531 2735 Hic
541 2683 610 2737 lacer
622 2683 752 2738 admissos
764 2684 858 2737 terruit
871 2684 971 2738 Hector
981 2700 1075 2755 equos.

360 2822 422 2880 lam
446 2838 518 2881 vero
536 2821 721 2903 Hypsipylen
744 2836 795 2883 ant
821 2821 958 2883 Medeam
984 2820 1115 2881 audienti
1138 2818 1293 2881 obscurior
1319 2840 1384 2882 esse

319 2915 485 2993 argumenti
504 2928 590 2975 tenor
607 2916 735 2989 videtur,
759 2929 788 2975 et
807 2916 865 2975 nisi
886 2915 1038 2997 Apollonii
1058 2914 1166 2976 Rhodii
1184 2915 1384 2998 Argonautica

317 3007 507 3089 pervolverit,
524 3010 745 3069 commentariis
757 3010 907 3090 perpetuis
918 3009 1012 3069 lector
1026 3006 1134 3091 egebit,
1146 3008 1214 3091 quia
1226 3010 1256 3069 in
1269 3006 1383 3069 fabulo·

316 3100 355 3159 sis
369 3100 455 3161 rebus
469 3114 497 3163 et
512 3102 542 3161 in
555 3115 697 3162 terrarum
715 3101 915 3183 descriptione
931 3101 1066 3163 doctrina
1085 3101 1239 3185 disquisita
1254 3115 1381 3163 ostenta·

315 3208 372 3270 tur,
387 3196 456 3271 Xll,
473 3214 489 3273 9
505 3215 569 3277 sqq.
582 3218 594 3257 ·:

425 3348 427 3351 '
491 3342 522 3397 Ei
535 3342 612 3410 mihi,
629 3360 676 3397 cur
687 3360 811 3416 unquam
825 3342 986 3399 iuvenilibus
996 3356 1053 3398 acta
1066 3343 1183 3413 lacertis,

491 3428 633 3483 Phrixeam
646 3429 719 3500 petiit
732 3428 818 3483 Pelias
832 3428 910 3483 arbor
919 3430 1021 3483 ovem?

491 3512 547 3567 Cur
560 3529 678 3585 unquam
693 3513 788 3567 Colchi
799 3514 956 3585 Magnetida
967 3514 1084 3569 vidimus
1093 3514 1178 3586 ArgO,

490 3595 633 3669 Turbaque
646 3598 801 3657 Phasiacam
813 3598 893 3653 Graia
909 3598 1010 3653 bibistis
1021 3599 1137 3671 aquam?

353 3736 616 3816 Hypermnestram
629 3734 780 3796 miraberis
798 3749 971 3819 querentem
987 3736 1068 3821 quod
1088 3735 1211 3797 lunonis
1226 3737 1268 3798 ira
1280 3756 1316 3797 ex
1328 3734 1380 3797 illo

313 3841 447 3910 tempore
459 3842 639 3909 permaneat,
655 3830 738 3905 XIV,
756 3831 805 3904 86,

507 3977 570 4054 Quo
585 3976 633 4033 bos
647 3994 678 4032 ex
691 3976 861 4053 hominepest,
875 3994 907 4032 ex
921 3977 989 4034 bove
1001 3976 1070 4033 facta
1081 3978 1140 4047 dea,
