3159 5017
640 538 681 553 n·-
701 522 737 583 45
761 537 804 553 ..ι

189 633 323 699 bracchia
347 656 400 699 sua
425 636 483 700 iam
507 658 560 720 per
582 648 682 701 motus
706 639 841 701 assiduos
857 637 1043 722 ¹languentia
1067 634 1254 721 putidissime

190 730 332 815 increpet,
355 733 435 812 163:

382 853 432 909 His
446 870 498 927 ego
511 870 572 909 cum
590 852 643 908 dixi
658 874 672 906 «
686 854 806 909 Pretium
815 870 872 909 non
886 851 940 909 vile
953 852 1061 921 laboris,

382 939 439 993 lam
451 939 576 994 dominae
590 940 665 995 vobis
672 934 740 995 colla
751 939 867 995 tenenda
886 938 964 1007 dabo,
982 960 997 991 a

385 1024 510 1080 Protinus
524 1025 672 1093 illavalent
688 1038 739 1085 etc.

229 1138 370 1201 Ceterum
385 1140 474 1223 digna
491 1154 535 1203 est
549 1144 629 1204 Hero
642 1160 717 1226 quae
734 1155 796 1204 tam
810 1140 973 1203 affectatam
987 1139 1155 1201 orationem
1170 1138 1256 1200 intel·

189 1230 281 1314 legat,
302 1253 372 1295 cum
389 1234 468 1316 ipsa,
497 1255 633 1297 maerens
655 1235 736 1319 quod
762 1249 883 1318 propter
904 1234 1086 1317 tempestatis
1105 1234 1257 1295 saevitiam

190 1340 303 1387 amator
316 1326 548 1411 Hellespontum
559 1329 679 1391 traicere
695 1343 834 1412 nequeat,
851 1328 1003 1391 dimidiam
1018 1327 1126 1389 laboris
1142 1340 1257 1409 partem

189 1418 244 1480 sibi
255 1440 405 1481 assumere
428 1442 525 1505 prono
546 1423 648 1485 animo
669 1422 743 1486 velit
760 1436 789 1485 et
805 1422 1000 1505 [rigidissimis
1017 1420 1115 1483 verbis
1133 1421 1254 1496 ferveat,

189 1514 274 1590 XIX,
294 1516 371 1593 167:
403 1582 406 1589 ,

382 1634 420 1691 At
433 1651 483 1691 nos
496 1634 592 1691 diversi
607 1636 728 1691 medium
742 1652 869 1691 coeamus
888 1636 916 1690 in
934 1652 1044 1709 aequor,

383 1718 548 1799 Obviaque
541 1739 569 1775 rn
583 1722 696 1775 summis
712 1720 802 1776 oscula
817 1721 912 1776 demus
915 1721 1036 1795 aquisn.

229 1828 269 1891 Ea
280 1850 401 1938 prorsus
419 1845 462 1893 est
477 1833 632 1908 sententia,
648 1845 680 1894 ut
694 1833 775 1916 quod
792 1832 887 1915 magis
907 1833 944 1893 sit
958 1831 1120 1938 pigmentis
1136 1791 1255 1893 simula·

189 1936 254 1985 tum
268 1925 317 1985 vix
332 1926 459 1986 inveniri
473 1926 577 2007 possit.

229 2018 301 2077 Ex
294 2032 348 2079 rsta
368 2019 471 2100 putida
490 2032 717 2081 extenuatorum
745 2040 887 2080 sensuum
915 2019 1107 2080 contentione
1123 2018 1258 2080 oriuntur

189 2110 310 2192 plurimi
320 2110 481 2173 verborum
495 2112 590 2189 lusus,
606 2111 712 2195 quibus
724 2113 833 2195 gaudet
845 2115 937 2174 Naso.
948 2112 1116 2174 Offendunt
1127 2112 1257 2195 primum

190 2205 270 2290 nulla
282 2225 381 2267 rerum
399 2207 539 2287 gravitate
554 2221 709 2289 usurpatae
724 2206 940 2269 vocabulorum
951 2220 980 2267 et
994 2206 1160 2269 dictionum
1173 2206 1258 2266 itera·

189 2292 297 2375 tiones,
314 2319 389 2381 quae
406 2299 461 2360 sibi
475 2299 668 2382 respondent.
689 2303 723 2362 ln
737 2301 784 2361 his
804 2300 993 2383 opponendis
1008 2299 1151 2361 eximium
1170 2319 1257 2381 saepe

190 2410 220 2451 se
246 2406 373 2473 praestat
393 2407 492 2475 poeta,
516 2413 613 2477 neque
632 2393 706 2454 illud
730 2393 887 2455 artificium
908 2393 1054 2475 displicet,
1085 2393 1108 2453 si
1137 2392 1257 2476 quando

190 2504 262 2546 sano
275 2483 385 2547 iudicio
403 2485 568 2549 adhibetur.
587 2490 630 2548 lta
645 2507 713 2548 cum
725 2488 756 2548 vi
773 2508 880 2569 magna
895 2486 1031 2569 Cydippe
1045 2486 1127 2571 queri
1140 2485 1258 2548 videtur

189 2578 270 2661 quod
283 2580 376 2641 Diana
393 2581 421 2641 ei
435 2580 574 2656 ¹infestam
590 2602 620 2641 se
634 2580 781 2662 praebeat,
805 2582 890 2656 XXI,
908 2600 941 2660 13
958 2603 965 2642 :

432 2701 468 2756 At
482 2702 580 2757 melius
594 2703 668 2775 virgo
683 2701 788 2757 favisset
800 2701 912 2775 virginis
924 2700 1018 2767 annis;

190 2811 233 2871 lta
249 2826 278 2873 et
299 2815 532 2894 Hypermnestra
550 2814 648 2896 gentis
666 2832 735 2873 suae
752 2806 920 2875 ¹infortunia
933 2812 1029 2895 gravis
1047 2810 1130 2873 verbi
1149 2810 1255 2894 repeti·

188 2904 430 2989 tioneexprimit,
444 2908 526 2982 XIV,
544 2926 621 2982 114:

402 3006 475 3081 Cum
489 3042 553 3081 sene
565 3042 614 3082 nos
628 3027 704 3100 inopi
723 3026 800 3081 turba
814 3043 942 3100 vagamur
951 3025 1044 3099 inops3
1086 3021 1088 3024 ’
1144 3019 1147 3022 ’

190 3149 218 3198 et
230 3136 401 3198 vehementi
416 3136 560 3199 affectu't
537 3159 546 3198 1
549 3152 622 3199 terat
637 3138 770 3221 Sappho,
784 3140 851 3216 XV,
872 3153 932 3213 17:

382 3236 455 3312 Vilis¹
464 3258 618 3327 Anactorie,
634 3258 694 3313 vilis
704 3259 772 3313 mihi
786 3258 898 3313 candida
912 3258 1020 3332 Cydro;

190 3381 218 3435 et
230 3368 370 3429 acerrime
384 3388 414 3430 se
428 3369 573 3431 desertam
586 3372 617 3430 in
632 3369 717 3431 litore
731 3370 863 3452 queritur
875 3369 1014 3445 Ariadne,
1027 3370 1067 3443 X,
1087 3383 1123 3443 17
1138 3390 1145 3429 :

383 3493 459 3549 Luna
473 3493 523 3549 fuit
541 3514 546 3549 :
563 3508 652 3566 specto
665 3495 687 3550 si
699 3494 763 3567 quid
774 3496 824 3549 nisi
839 3494 916 3549 litora
930 3511 1053 3568 cemam3

384 3578 467 3643 Quod
481 3580 588 3637 videant
599 3579 680 3646 oculi,
698 3579 737 3634 nil
755 3580 809 3634 nisi
821 3578 884 3633 litus
897 3579 1006 3634 habent.

231 3688 289 3749 Sed
310 3707 378 3749 cum
398 3690 454 3750 isto
473 3690 597 3751 artificio
615 3690 751 3773 cupidius
770 3703 868 3751 utatur
888 3690 1026 3765 Ovidius,
1045 3707 1132 3771 saepe
1152 3686 1254 3747 inanes

190 3781 349 3842 verborum
362 3783 531 3844 iterationes
547 3784 763 3866 deprehendes,
778 3786 861 3860 Xlll,
876 3798 927 3861 74ι
944 3806 952 3846 :

222 3957 244 3991 1.
262 3943 291 3989 ln
314 3942 370 3991 edit.
395 3943 515 4003 Merkelii;
542 3959 598 3992 nam
618 3943 752 4007 Sedlmayer
774 3940 840 3991 hunc
858 3958 954 3992 versum
974 3953 997 3991 et
1022 3951 1158 4006 sequentem
1178 3940 1252 3987 reicit

189 4017 227 4066 ef
243 4017 402 4082 Eschenburg,
418 4020 534 4067 Metriscbe
555 4020 749 4083 Untrrruchungen
764 4019 817 4067 tiber
832 4019 868 4067 dia
893 4017 1115 4069 Ecblheilderlder.
1132 4016 1169 4063 des
1184 4013 1252 4063 Ouid.

188 4092 595 4160 Progr.Lubeel,1874,c.IV,p.
610 4104 693 4145 teta.
