3159 5017
319 650 362 712 ria
376 647 521 711 Romanis
541 646 682 709 imitanda
703 646 903 729 praehuerint.
923 646 964 705 At
984 642 1203 706 contortissima
1223 643 1277 705 ista
1298 644 1388 707 inter·

321 744 446 826 pretatio
463 743 580 825 propria
597 742 634 802 sit
653 740 760 802 eruditi
781 741 872 801 huius
885 739 952 814 viri,
973 752 1007 800 ut
1025 758 1102 822 quae
1118 740 1148 799 in
1164 737 1284 821 longius
1300 739 1388 800 ducta

319 838 356 899 sit
368 851 397 898 et
411 858 446 898 ex
460 835 621 899 sententiae
634 854 712 896 nexu
727 833 928 917 facillimaque
940 832 1099 895 verborum
1116 833 1387 915 comprehensione

318 932 443 993 minime
459 944 609 1013 sequatur.

357 1036 447 1097 Nunc
466 1047 499 1094 ut
518 1033 682 1095 institutam
701 1032 778 1093 hanc
800 1030 1005 1115 quaestionem
1027 1029 1243 1113 persolvamus,
1266 1043 1387 1113 oportet

317 1128 354 1189 de
376 1126 491 1188 scholio
506 1146 599 1209 pauca
618 1127 763 1203 dicamus,
782 1125 863 1209 quod
884 1126 979 1187 codex
999 1126 1223 1186 Ratisbonensis
1237 1124 1324 1186 refert
1336 1125 1386 1187 his

317 1219 414 1283 verbis
432 1242 440 1283 ε
460 1245 475 1277 «
495 1221 627 1302 Sapph0,
648 1234 728 1281 vates
750 1220 861 1281 Graeca
876 1218 978 1281 Lesbis
992 1240 1028 1279 ex
1046 1219 1189 1301 Mitylena
1203 1219 1331 1295 civitate,
1347 1218 1384 1280 ad

317 1316 471 1376 Phaonem
485 1328 649 1375 amatorem
662 1334 751 1375 suum
758 1334 813 1395 per
826 1314 983 1389 Ovidium,
999 1327 1033 1374 ut
1041 1311 1218 1374 arbitrantur
1231 1312 1382 1388 nonnulli,

317 1409 449 1470 traducta
473 1408 607 1490 incipit»
627 1431 634 1469 :
657 1408 736 1469 unde
757 1428 862 1491 graece
878 1408 1017 1490 scriptam
1036 1408 1113 1468 hanc
1134 1428 1203 1469 sane
1225 1407 1384 1491 epistulam

318 1502 463 1563 exstitisse
489 1502 607 1584 quidam
639 1515 827 1583 putaverunt,
857 1522 945 1585 quam
973 1520 1067 1583 prope
1092 1501 1201 1562 latinus
1223 1502 1272 1563 hic
1296 1515 1384 1583 poeta

318 1595 510 1657 transtulerit.
531 1598 595 1678 Ego
613 1615 685 1656 vero
700 1596 781 1679 quod
796 1596 833 1657 de
847 1594 1049 1678 superioribus
1061 1594 1183 1656 scholiis
1202 1595 1385 1677 disputatum

319 1704 373 1766 est,
390 1691 449 1751 huc
464 1709 583 1773 quoque
602 1688 696 1750 facere
717 1691 871 1766 existim03
893 1709 962 1751 nam
979 1690 1035 1751 etsi
1058 1690 1193 1771 Sapphus
1208 1704 1237 1751 et
1256 1690 1384 1751 Phaonis

318 1804 454 1845 amorum
468 1784 546 1865 apud
558 1784 695 1866 antiquos
708 1786 866 1867 scriptores
878 1784 1023 1845 memoria
1035 1784 1167 1866 viguit,a
1180 1785 1276 1865 poetis
1291 1784 1385 1844 comi·

319 1879 361 1939 cis
378 1878 569 1960 potissimum
583 1876 715 1959 prodita,
731 1878 766 1939 de
782 1878 959 1939 clarissimae
974 1879 1106 1959 poetriae
1122 1876 1264 1938 amatoria
1283 1877 1384 1938 nescio

319 1991 375 2055 qua
395 1971 519 2053 epistula
539 1970 614 2031 nihil
632 1984 709 2031 certe
729 1972 868 2033 traditum
885 1986 942 2033 est.
956 1971 1110 2043 Quoniam
1128 1971 1218 2053 igitur
1229 1971 1259 2031 in
1278 1972 1334 2032 hac
1354 1991 1386 2032 re

318 2079 453 2126 veterum
471 2065 641 2126 testimonia
660 2064 873 2141 desiderantur,
897 2066 977 2126 haud
993 2065 1111 2126 videtur
1127 2066 1224 2147 gravis
1238 2065 1385 2126 momenti

318 2179 382 2220 esse
397 2159 550 2219 temeraria
564 2156 704 2241 ignobilis
721 2158 895 2221 scholiastae
913 2160 1099 2234 asseverati0,
1118 2158 1169 2241 qui
1184 2179 1223 2219 ne
1239 2160 1302 2240 ipse
1317 2158 1387 2242 qui-

319 2252 388 2313 dem
398 2253 543 2313 sententia
557 2273 609 2312 sua
623 2250 786 2315 admodum
809 2253 928 2314 videtur
946 2252 1057 2329 fidisse,
1070 2266 1100 2313 et
1117 2250 1293 2334 ambiguum
1311 2250 1385 2312 illud

316 2345 445 2407 addidit:
472 2369 488 2403 a
511 2359 544 2407 ut
559 2345 736 2407 arbitrantur
754 2346 904 2408 nonnulli.
932 2371 948 2402 a
970 2348 1049 2406 Nam
1068 2347 1092 2407 si
1113 2346 1150 2407 ad
1169 2347 1226 2406 XV
1243 2344 1386 2427 epistulae

318 2440 469 2501 materiam
486 2454 515 2500 et
529 2438 662 2501 colorem
681 2440 785 2501 oculos
806 2454 835 2500 et
852 2453 984 2501 mentem
1003 2440 1194 2514 advertimus,
1213 2439 1285 2523 quid
1309 2438 1388 2501 inter

317 2534 394 2593 hanc
413 2546 581 2616 ceterasque
600 2534 716 2595 intersit
737 2534 862 2595 minime
889 2534 1096 2617 perspicimus,
1120 2546 1149 2594 et
1165 2552 1231 2594 eam
1250 2532 1385 2615 prolecto

319 2626 500 2689 Ovidianam
513 2646 577 2687 esse
589 2626 694 2709 opinio
707 2626 910 2688 confirmatur.
925 2627 980 2711 (V.
996 2626 1071 2687 infra
1086 2628 1120 2690 C.
1137 2626 1205 2707 V.).

357 2729 446 2790 Nulla
462 2742 561 2791 tamen
580 2730 671 2790 huius
689 2731 808 2812 generis
826 2730 957 2791 carmina
978 2729 1057 2812 apud
1079 2730 1208 2791 Graecos
1229 2731 1384 2806 exstitisse,

319 2837 430 2884 temere
453 2822 540 2883 facias
566 2824 591 2883 si
619 2823 791 2899 contendas,
819 2825 888 2907 quia
913 2824 1036 2906 vestigia
1059 2843 1164 2885 eorum
1190 2823 1333 2906 quaedam
1354 2824 1384 2884 in

317 2916 585 2978 Alexandrinorum
606 2917 722 2999 scriptis
744 2930 884 2977 notarunt
902 2918 1007 2978 eruditi
1029 2917 1094 2977 viri.
1124 2940 1140 2973 a
1166 2918 1243 2978 Nam
1265 2930 1298 2977 ut
1323 2918 1386 2999 ipse

319 3010 446 3071 Ovidius
467 3008 602 3091 pluribus
617 3023 685 3091 post
703 3010 787 3070 annis
808 3030 897 3093 quam
916 3008 1055 3092 epistulas
1076 3030 1143 3070 suas
1162 3009 1294 3071 ediderat
1311 3011 1385 3071 Met.

318 3102 394 3164 libro
414 3122 497 3163 nono
517 3101 648 3183 Byblidis
667 3101 835 3185 epistulam,
856 3123 943 3164 versu
963 3104 1057 3165 heroo
1075 3103 1226 3185 scriptam,
1247 3103 1384 3180 inseruit,

319 3198 359 3258 ita
374 3196 431 3256 iam
445 3194 636 3257 Alexandrini
650 3209 754 3278 poetae
773 3197 820 3256 his
839 3196 1045 3279 similibusque
1064 3195 1203 3257 emboliis
1224 3197 1385 3258 narrationi

318 3288 439 3350 fabulari
476 3302 593 3350 motum
627 3288 732 3350 addere
771 3303 800 3349 et
835 3290 1047 3351 iucunditatem
1090 3289 1271 3351 studuerant.
1307 3292 1386 3351 Hinc

318 3380 464 3443 Phaedrae
489 3380 614 3443 tabellae
634 3383 803 3458 amatoriae,
830 3402 902 3466 quas
928 3403 1061 3444 arcarum
1095 3403 1285 3445 romanarum
1317 3402 1387 3444 ana-

317 3474 428 3556 glypha
442 3486 472 3535 et
489 3476 603 3556 pictura
618 3477 799 3557 Pompeiana
818 3496 835 3535 a
854 3477 974 3537 conscia
993 3476 1106 3537 nutrice
1127 3476 1163 3537 ad
1185 3475 1386 3559 Hippolytum

317 3566 438 3648 perferri
453 3566 601 3630 faciunt...
613 3569 684 3629 hinc
693 3582 738 3630 tot
750 3571 949 3651 Pompeianae
956 3570 1099 3652 picturae,
1114 3589 1186 3652 quas
1199 3570 1386 3651 lepidissimo

318 3674 493 3742 argumento
525 3662 704 3743 Cupidinem
735 3662 879 3745 delphino
917 3662 1075 3725 advectum
1104 3663 1304 3746 Polyphemo,
1334 3664 1386 3746 qui

320 3753 471 3815 Galateam
482 3753 607 3837 deperit,
617 3755 774 3837 epistulam
788 3756 961 3817 amatoriam
974 3757 1138 3818 tradentem
1150 3769 1385 3839 repraesentant3

320 3847 401 3929 quod
422 3847 569 3909 ludicrum
588 3864 797 3931 argumentum
814 3863 894 3911 certe
911 3862 998 3931 poeta
1014 3850 1135 3933 quidam
1153 3850 1254 3911 aetatis
1272 3848 1387 3911 alexan·

320 3940 432 4017 drinae,
453 3941 525 4023 ipsa,
545 3942 664 4024 opinor,
685 3941 823 4004 Galateae
835 3941 962 4026 epistula
982 3942 1167 4026 interposita,
1184 3943 1345 4026 praeiverat
1359 3956 1388 4006 et
