3159 5017
721 480 891 544 „152

293 610 296 615 ¹
317 609 395 687 Nam
408 621 431 685 si
446 622 567 685 evanuit
580 610 730 711 tragoedia
745 621 795 685 illa
809 621 968 702 Ovidiana‚
984 621 1084 707 plures
1097 642 1115 685 a
1128 610 1248 687 Graecis
1263 640 1344 687 com·

277 717 391 801 positae
405 730 574 799 supersunt,
586 716 693 801 quibus
702 715 749 779 vel
762 717 866 779 lexiter
877 717 1017 802 inspectis
1028 719 1181 781 aestimare
1193 719 1344 801 possimus

276 830 366 895 quarn
385 832 472 894 saepe
490 832 525 872 ex
536 813 647 894 tragico
666 812 829 893 Euripidis,
847 811 1017 895 Sophoclis,
1039 812 1243 896 Aeschylique
1260 814 1343 875 fonte

271 905 418 993 epistulae
433 905 501 967 illae
516 904 694 967 effluxerint.
720 906 805 967 Hanc
817 908 995 969 sententiam
1012 907 1071 968 Th.
1089 908 1182 969 Bittio
1196 906 1343 992 placuisse

275 999 375 1077 video,
399 1001 450 1083 qui
476 1000 507 1061 in
530 999 827 1061 Animadversionibus
851 1000 887 1061 ad
906 1001 1003 1063 Ouidii
1021 1001 1164 1063 heroidum
1184 1000 1341 1085 epistulas¹

276 1091 360 1157 locos
374 1094 521 1176 plurimos
541 1108 623 1155 notat
636 1092 744 1176 quibus
758 1096 871 1157 Graeca
888 1094 939 1155 illa
956 1095 1086 1157 imitatio
1100 1095 1341 1177 deprehenditur.

276 1188 419 1249 Ideo'nori
435 1188 534 1249 solum
549 1188 579 1247 in
595 1188 718 1249 Medeae
733 1188 780 1249 vel
796 1189 945 1251 Phaedrae
957 1188 1062 1251 litteris
1072 1189 1266 1271 Euripideam
1278 1189 1342 1250 ori-

274 1280 376 1363 ginem
397 1302 557 1365 agnoscere
578 1282 608 1343 in
628 1296 768 1363 promptu
788 1297 844 1356 est,
865 1283 916 1343 sed
941 1303 976 1343 er
994 1283 1143 1365 Sophocle
1165 1302 1285 1366 quoque
1310 1284 1341 1343 in

275 1374 555 1450 Trachiniensibus‚¹
578 1388 608 1436 et
632 1375 783 1457 Aeschylo
810 1374 842 1436 in
873 1377 1051 1439 Prometheo
1080 1385 1109 1439 et
1138 1375 1340 1459 supplicibus,

276 1469 421 1551 nonnulla
448 1470 624 1552 deprompta
651 1490 714 1530 esse
743 1484 872 1553 apparet.
905 1470 987 1531 lnde·
997 1470 1084 1531 facile
1105 1470 1268 1553 explicatur
1292 1469 1341 1531 illa

274 1582 323 1643 ep.
346 1564 387 1625 lX
409 1562 494 1624 hians
517 1563 695 1646 compositio
717 1576 747 1624 et
767 1564 949 1645 interruptus
967 1578 1036 1647 post
1054 1584 1084 1624 v.
1111 1582 1166 1640 142
1187 1564 1341 1649 scribentis

267 1658 431 1718 Deianirae
453 1676 567 1734 sermo3
593 1657 641 1718 cui
670 1656 779 1717 litteras
808 1659 843 1720 ad
867 1659 1027 1720 Herculem
1054 1657 1221 1740 perficienti
1243 1656 1340 1719 subito

268 1751 393 1813 'advenit
410 1752 533 1813 nuntius
551 1752 649 1813 virum
669 1750 752 1813 obire
772 1765 912 1827 mortem,
933 1772 1030 1834 neque
1044 1765 1144 1835 tamen
1162 1751 1272 1812 desinit
1286 1753 1341 1837 ista

267 1845 308 1906 ¹ad
332 1859 506 1927 pereuntem
532 1844 669 1920 scribere,
690 1864 783 1928 eaque
804 1845 921 1907 adicere
943 1865 1018 1928 quae
1036 1867 1098 1907 non
1120 1846 1156 1905 ad
1181 1846 1340 1930 coniugem

273 1939 368 2020 derigi
383 1938 434 2000 sed
451 1960 486 1999 ex
502 1938 611 2021 tragica
626 1959 712 2022 scena
727 1937 894 1999 adumbrari
906 1939 1072 2016 videantur,
1087 1940 1127 2000 ita
1140 1952 1173 2000 ut
1187 1938 1218 1999 in
1235 1946 1339 2021 propa·

268 2032 336 2095 tulo
357 2033 394 2093 sit
409 2032 619 2093 huiuscemodi
638 2033 861 2114 perversitatem
883 2056 899 2089 α
920 2032 975 2093 sibi
997 2033 1179 2094 concessisse
1194 2033 1340 2094 Ovidium

271 2125 355 2186 nulla
365 2126 421 2187 alia
431 2127 544 2187 ratione
555 2132 645 2209 quant
663 2139 694 2187 ut
708 2140 814 2201 totam,
829 2140 974 2209 quantum
994 2127 1116 2208 quidem
1134 2126 1169 2186 ad
1186 2116 1340 2187 Deianirae

272 2219 330 2280 fata
366 2220 505 2301 pertinet,
543 2219 724 2302 tragoediam
772 2220 819 2279 sui
854 2220 993 2280 carminis
1030 2218 1141 2280 finibus
1179 2219 1340 2301 complecti

270 2318 373 2395 posset
388 2326 399 2355 ²
415 2336 443 2375 s.
462 2312 554 2395 Igitur
569 2314 758 2395 investiganti
773 2314 900 2395 primam
922 2312 1089 2373 Heroidum
1106 2312 1254 2395 originem
1267 2333 1339 2394 pro·

272 2405 369 2468 babile
391 2405 540 2468 videbitur
558 2407 593 2467 ad
609 2406 837 2487 excogitandum
853 2407 912 2468 hoc
926 2406 1078 2488 poeticum
1097 2425 1192 2488 genus
1211 2406 1339 2489 tragicoss

272 2521 338 2561 rum
353 2514 508 2583 poetarum
523 2520 610 2561 usum
626 2520 686 2561 non
700 2500 782 2581 parvi
799 2501 944 2561 momenti
961 2500 1064 2561 fuisse.

271 2624 274 2631 ·
313 2596 463 2656 Praeterea
476 2595 556 2657 haud
571 2608 682 2655 temere
697 2593 795 2667 facias,
812 2594 837 2654 si
853 2607 938 2675 putes
952 2607 1085 2676 pergrata
1098 2613 1218 2678 quoque
1233 2608 1339 2674 poetae

271 2701 372 2750 nostro
400 2688 608 2769 Epistularum·
629 2688 718 2749 fuisse
745 2702 929 2769 argumenta,
958 2688 1038 2770 quod
1071 2708 1169 2769 genus
1195 2687 1339 2748 referrent

270 2781 521 2843 declamationum
542 2780 649 2864 quibus
669 2781 833 2869 rhetoricae
851 2781 1035 2863 professores
1054 2779 1292 2842 adulescentulos
1307 2770 1338 2841 in

270 2874 380 2935 scholis
402 2888 586 2951 exercerent;
607 2875 684 2937 inter
698 2894 773 2957 quos
789 2877 946 2956 praecipue
965 2876 1009 2960 M.
1028 2874 1167 2936 Porcium
1180 2876 1338 2936 Latronem

271 2982 299 3029 et
324 2968 470 3030 Arellium
494 2971 623 3029 Fuscum
653 2968 781 3029 Ovidius
806 2982 931 3029 sectatus
948 2983 1002 3043 est,
1021 2968 1072 3050 qui
1091 2966 1274 3050 temporibus
1291 2968 1338 3052 his

270 3061 588 3123 c'eleberrimi'Romae
605 3062 735 3123 fuerunt.
758 3062 894 3123 Latronis
911 3075 1012 3123 autem
1034 3060 1108 3123 adeo
1129 3061 1337 3122 admiratorem

271 3156 353 3216 hunc
369 3154 470 3230 fuisse,
485 3170 517 3216 ut
529 3156 635 3216 multas
648 3156 711 3216 eius
724 3156 885 3215 sententias
901 3156 930 3215 in
945 3175 1048 3215 versus
1063 3175 1133 3216 suos
1145 3154 1335 3229 transtulerit,

271 3264 374 3310 auctor
394 3262 440 3310 est
460 3250 571 3310 Seneca
593 3262 684 3330 pater,
705 3250 818 3311 Contr:
830 3251 868 3325 ll,
888 3268 923 3310 ro
940 3270 948 3309 ε
966 3263 1066 3309 «tunc
1081 3262 1180 3309 autem
1193 3268 1261 3309 cum
1277 3262 1337 3309 stu·

271 3342 365 3419 deret,
384 3340 543 3404 habebatur
562 3342 659 3403 bonus
679 3342 869 3404 declamator.
898 3344 990 3425 Hanc⁴
1006 3356 1084 3402 certe
1104 3343 1336 3426 controversiam

271 3449 337 3497 ante
360 3435 502 3497 Arellium
529 3436 656 3497 Fuscum
682 3434 867 3510 declamavit,
894 3449 926 3495 ut
952 3435 1026 3495 mihi
1057 3434 1222 3510 videbatur,
1246 3435 1337 3516 longe

272 3530 474 3611 ingeniosius3
495 3542 618 3610 excepto
638 3548 684 3599 e0‚
704 3529 784 3611 quod
801 3530 864 3589 sine
884 3535 964 3589 certo
988 3527 1092 3589 ordine
1106 3549 1161 3610 per
1175 3528 1335 3589 locos'dis-

271 3637 411 3684 curreret.
431 3625 512 3683 Haec
535 3622 587 3683 illo
607 3621 722 3684 dicente
744 3635 879 3704 excerpta
899 3622 1024 3683 memini
1043 3636 1130 3683 etc...-
1147 3619 1336 3682 Declamabat

188 3716 192 3723 '
271 3717 464 3777 autemNaso
479 3732 544 3776 raro
563 3716 790 3791 controversias,
810 3714 860 3776 sed
881 3735 942 3777 non
963 3716 1020 3775 nisi
1042 3716 1169 3791 ethicas;
1194 3714 1336 3775 libentius

303 3932 325 3963 1.
343 3918 371 3963 ln
386 3917 522 3964 Rhainisclres
532 3917 634 3963 Murcum
641 3918 686 3980 fiir
697 3916 829 3979 Philologie,
845 3916 877 3963 A.
893 3918 963 3980 1877,
976 3932 1000 3980 p.
1018 3915 1132 3978 386-432.

301 4007 324 4040 2.
343 3992 412 4051 laid„
427 4008 450 4057 p.
461 3994 520 4051 4083
535 3992 565 4041 ci.
575 3992 607 4041 'de
617 3993 657 4040 Ius
669 3991 754 4050 fabula,
767 4004 789 4055 p.
801 4005 867 4054 427..
957 4029 961 4039 s
