3159 5017
639 520 801 563 *21-

186 636 384 699 celebraverat
399 650 420 697 1.
449 658 464 693 a
495 634 553 697 Sed
577 636 658 717 quod
685 635 859 700 huiusmodi
883 635 1027 719 figmenta
1043 637 1195 720 'quaedam
1221 640 1253 704 in

185 730 313 815 antiquis
342 731 523 792 Graecorum
558 730 674 812 scriptis
703 730 886 812 deprehendi
918 745 1056 813 possunt,
1091 753 1152 794 non
1184 734 1254 799 inde

184 826 319 909 sequitur
340 844 375 885 ex
399 822 450 884 tali
479 824 560 885 fonte
584 824 643 884 hoc
669 824 834 885 carminum
862 844 958 906 genus
985 844 1136 901 manasse,
1166 826 1252 909 quale

187 918 314 981 Ovidius
334 918 497 979 constituit.
521 916 664 979 Concedo
681 936 802 1000 quoque
821 917 974 1000 Diltheyio
992 932 1144 981 auctorem
1162 920 1252 984 fuisse

187 1012 403 1073 Callimachum
416 1008 703 1093 poematis‘alicuius
716 1010 838 1093 elegiaci
850 1011 886 1072 de
898 1011 1033 1093 Cydippa
1049 1013 1162 1095 scripti,
1176 1015 1252 1076 sicut

187 1106 315 1167 Ovidius
330 1106 393 1187 ipse
408 1105 532 1165 innuere
547 1104 664 1165 videtur
680 1108 764 1167 Rem.
779 1107 835 1185 381
848 1125 926 1188 sqq,
940 1104 991 1167 ubi
1002 1106 1115 1170 diversa
1124 1127 1252 1190 poeseos

183 1220 293 1283 genera
307 1200 479 1281 digeruntur
493 1221 503 1261 ι

345 1331 500 1387 Callimachi
515 1332 633 1387 numeris
647 1348 703 1386 non
717 1344 757 1387 est
770 1332 899 1387 dicendus
911 1332 1031 1389 Achilles
1039 1353 1047 1401 ;

344 1417 463 1490 Cydippe
477 1434 533 1471 non
548 1429 587 1472 est
599 1417 661 1484 oris,
679 1418 806 1485 Homere,
822 1417 862 1472 tui
874 1429 895 1473 ¹.

220 1544 328 1625 Neque
344 1562 480 1624 repugno
494 1541 617 1625 quidem
634 1542 838 1624 Comparettio
854 1554 864 1595 ³
882 1543 934 1625 qui
948 1542 1084 1626 Sapphus
1095 1543 1250 1625 historiam

184 1636 219 1697 ab
231 1636 440 1707 Alexandrinis
450 1636 545 1719 poetis
560 1649 709 1699 tractatam
724 1655 787 1697 esse
801 1649 830 1697 et
843 1637 1028 1698 Ouidianum
1041 1652 1250 1719 argumentum

184 1750 219 1792 ex
246 1732 282 1791 iis
306 1730 497 1811 desumptum
515 1742 608 1812 putat.
626 1730 684 1792 Sed
697 1730 772 1791 nihil
789 1728 918 1812 amplius
931 1730 1000 1791 inde
1021 1731 1122 1813 colligi
1139 1745 1247 1813 potest,

184 1824 239 1885 nisi
272 1823 417 1885 Ovidium
443 1843 506 1884 sese
531 1823 567 1883 ad
585 1823 760 1885 Callimachi
776 1823 902 1905 elegiam
922 1838 973 1885 aut
988 1823 1080 1887 alium
1100 1825 1250 1907 quendam

183 1932 302 2000 poetam
328 1916 501 1999 applicasse.
531 1916 613 1988 Quid
642 1920 729 1979 turn?
747 1918 817 1977 Non
840 1916 908 1979 ideo
935 1916 1028 1999 liquet
1054 1918 1174 1979 insertas
1190 1919 1249 1981 hoc

184 2024 234 2072 aut
262 2010 314 2071 illo
339 2010 468 2073 carmine
490 2029 554 2072 esse
573 2010 694 2085 litterae,
726 2023 754 2071 et
782 2010 869 2071 nullo
897 2025 1073 2092 argumento
1104 2012 1250 2073 evincitur

182 2105 358 2166 Aristaeneti
372 2102 528 2186 epistulam
542 2118 555 2156 4
575 2124 611 2164 ex
625 2102 802 2167 Callimachi
817 2103 962 2186 Cydippa,
979 2105 1098 2166 mutatis
1114 2106 1144 2165 in
1160 2105 1248 2187 pede-

184 2212 274 2259 strem
298 2198 464 2259 orationem
494 2196 640 2274 versibus,
672 2217 841 2280 expressam
871 2211 901 2258 et
932 2211 1112 2260 contractam
1145 2218 1209 2260 esse
1226 2212 1246 2276 5.

184 2291 323 2374 Denique
335 2291 416 2373 quod
433 2290 606 2373 epistolium
621 2304 757 2352 tenerum
772 2290 898 2352 Rufinus
915 2291 1035 2374 quidam
1050 2313 1176 2354 numero
1190 2292 1246 2353 ele·

183 2386 267 2467 giaco
287 2383 386 2466 Elpidi
401 2404 469 2446 suae
487 2386 605 2467 Epheso
625 2383 738 2459 scribit,
758 2384 850 2446 Anth.
872 2384 934 2446 Pal.
955 2387 993 2460 V,
1014 2406 1044 2463 9,
1063 2399 1093 2447 et
1109 2386 1249 2468 deinceps

184 2480 260 2539 inter
277 2478 431 2539 rhetorum
451 2476 590 2560 epistulas
611 2478 766 2539 amatorias
786 2477 884 2539 soluto
906 2498 1043 2540 sermone
1063 2480 1170 2561 scripta
1191 2500 1249 2541 una

183 2571 275 2633 fertur
292 2572 422 2632 heroidis
443 2571 582 2647 feminae,
605 2571 727 2632 Medeae
746 2571 782 2631 ad
805 2574 952 2648 Iasonem,
975 2592 992 2632 a
1021 2571 1248 2655 Theophylacto

184 2665 345 2727 Simocatta
358 2664 511 2746 (Boisson,
529 2665 598 2725 edit.
616 2686 645 2746 p.
665 2665 718 2747 63)
738 2665 859 2726 saeculo
874 2679 956 2726 sexto
976 2680 1102 2727 exeunte
1120 2666 1168 2727 vel
1183 2687 1247 2748 sep·

183 2760 257 2819 timo
272 2772 339 2840 post
352 2759 423 2820 Chr.
443 2779 473 2819 n.
491 2760 656 2841 composita
670 2760 695 2833 ⁶,
717 2759 842 2819 minime
860 2759 918 2819 illis
936 2772 1043 2840 poetae
1059 2759 1107 2820 vel
1121 2760 1248 2821 rhetoris

183 2852 337 2913 cuiusdam
351 2852 421 2912 raris
437 2851 586 2934 figmentis
602 2852 755 2934 poeticum
767 2852 929 2919 litterartun
941 2872 1036 2934 genus
1053 2852 1245 2929 efficiebatur,

183 2958 212 3007 et
229 2946 375 3007 imitatum
392 2964 443 3006 eos
455 2960 589 3007 auctores
603 2965 666 3006 esse
684 2943 829 3007 Ovidium
841 2960 964 3008 autnon
979 2946 1127 3009 imitatum
1142 2948 1249 3029 pariter

183 3038 363 3101 contendere
387 3040 499 3121 privata
526 3040 715 3121 persuasione
744 3053 843 3122 potes,
873 3040 914 3101 ita
933 3053 966 3101 ut
989 3060 1108 3106 carmen
1133 3060 1248 3103 novum

180 3132 321 3216 Epistulis
336 3134 395 3193 suis
411 3153 506 3194 unum
517 3134 662 3195 Ovidium
673 3133 862 3195 constituisse
876 3134 950 3194 mihi
963 3134 1131 3195 existimare
1147 3133 1244 3197 liceat.

221 3228 311 3287 Nunc
331 3226 367 3286 ad
388 3226 508 3288 alteram
527 3228 703 3288 sententiam
721 3227 823 3302 venio,
843 3228 977 3288 virorum
996 3227 1109 3289 scilicet
1129 3225 1246 3304 eorum,

182 3319 246 3403 qui,
266 3322 469 3381 Burmannum
489 3319 664 3397 secundum,
687 3320 723 3381 ad
742 3322 832 3402 Prop.
854 3323 906 3394 IV,
927 3341 956 3400 3,
977 3321 1082 3396 secuti,
1104 3322 1247 3405 Propertii

182 3412 362 3475 imitatorem
394 3412 539 3475 Ovidium
576 3413 667 3474 fuisse
699 3414 901 3490 contendunt,
935 3427 1144 3496 argumentum
1174 3434 1246 3476 vero

212 3576 234 3609 1.
252 3560 281 3609 C.
296 3559 412 3624 Diltheyi,
426 3560 515 3609 Obstru.
530 3561 554 3609 in
566 3562 627 3625 epist.
641 3562 688 3610 her.
702 3562 780 3621 ovid,
795 3571 853 3626 part.
867 3562 887 3622 1,
898 3562 924 3611 in
934 3562 1013 3610 Indice
1021 3561 1164 3622 scholarum,
1176 3562 1245 3625 1885,

183 3638 333 3699 Goettingae,
347 3652 371 3699 p.
385 3650 406 3698 3.
617 3674 618 3677 .

212 3728 234 3761 2.
253 3712 282 3759 C.
294 3712 410 3776 Diltheyi,
424 3713 459 3759 Da
471 3712 605 3760 Callimachi
618 3714 724 3777 Cydippa,
737 3714 838 3778 Lipsiae,
856 3712 925 3776 1863,
938 3730 961 3777 p.
974 3729 996 3763 1.

214 3802 234 3849 3.
253 3788 405 3850 Comparetti,
433 3788 497 3835 Sulla
517 3789 605 3851 epistola
627 3789 694 3837 Ouid.
716 3790 741 3836 di
764 3790 825 3853 Saffo
849 3791 964 3848 aFoone,
984 3791 1010 3837 in
1029 3788 1190 3838 Publicazioni
1209 3790 1245 3838 del

181 3864 211 3912 R.
224 3864 245 3912 1.
257 3865 363 3922 Fireuze,
376 3862 445 3927 1876,
458 3880 482 3929 p.
495 3877 532 3926 52.

212 3953 235 4001 4.
253 3940 371 3987 Aristaen.
384 3940 459 4002 Epist.
472 3941 561 3998 Amat„
575 3940 595 4001 I,
611 3955 648 3991 10.

214 4028 235 4078 5.
253 4014 285 4063 C.
295 4014 403 4079 Dilthey,
417 4016 451 4063 De
460 4016 521 4066 Call.
535 4016 642 4081 Cydippa,
655 4031 679 4080 p.
689 4030 728 4080 27.

212 4089 236 4140 6.
254 4090 283 4140 C.
293 4091 401 4156 Dilthey‚
413 4091 514 4153 observ„
526 4099 561 4155 op.
571 4092 620 4150 cil,
636 4108 660 4157 p.
673 4104 723 4153 4·5.
