3159 5017
636 558 675 581 a...
698 546 732 614 3⁵
755 563 796 579 .-

184 650 218 729 ἐἶ
229 676 320 728 totam
337 652 385 727 lus
397 664 526 753 fabulam
540 657 680 751 deinceps
689 660 902 751 explicantem.
912 664 970 729 Sed
980 662 1073 749 magis
1081 665 1252 728 reconditoi

185 761 273 822 etiarn
289 760 445 847 scriptores
464 774 564 823 teneas
584 775 714 844 oportet,
735 763 760 823 si
779 759 1070 845 Panda-intellegere
1088 761 1172 844 cupis
1189 781 1254 824 nar·

184 869 310 933 tantem,
324 856 405 930 XVI,
423 856 493 931 265,

344 986 383 1045 Ut
394 988 454 1045 tulit
467 990 650 1062 Hippomenes
663 990 828 1047 Schoeneida
839 989 956 1064 praemia
967 1006 1059 1046 cursus
1065 1007 1073 1057 ;

344 1074 426 1131 Venit
435 1082 468 1129 'ut
481 1076 510 1129 in
523 1076 654 1150 Phrygios
665 1076 844 1151 Hippodamia
856 1077 941 1143 sinus,
952 1088 1003 1131 etc.

225 1200 251 1259 A
270 1198 395 1260 Leandri
416 1199 541 1283 epistula
560 1199 685 1273 abstine.
702 1201 760 1263 nisi
776 1200 946 1284 perplexam
962 1184 1061 1261 Phriiri
1078 1196 1207 1261 fabulam
1224 1213 1253 1260 et
1279 1277 1282 1281 A

185 1304 330 1357 astrorum
350 1311 471 1376 quoque
486 1313 590 1355 cursus
607 1294 642 1355 ab
660 1297 749 1356 Arato
769 1295 918 1371 didicisti3
939 1294 985 1355 sin
1007 1293 1101 1369 aliter,
1119 1294 1150 1355 in
1169 1311 1254 1355 caeca

186 1385 311 1466 caligine
328 1385 510 1449 errabundus
524 1387 687 1464 vacillabis,
702 1390 817 1463 XVIII,
833 1407 891 1468 ›143
909 1408 974 1471 sqq.
993 1410 1001 1450 ε

308 1518 419 1575 Invideo
429 1520 539 1588 Phrixo,
555 1538 637 1593 quem
651 1539 697 1593 per
708 1520 773 1577 freta
787 1522 870 1578 tristia
882 1534 972 1583 tutum

311 1604 401 1660 Aurea
413 1604 531 1679 lanigero
545 1605 642 1661 vellere
651 1606 722 1661 vexit
734 1608 826 1663 ovis...

241 1758 244 1766 ¹
312 1688 370 1745 Nec
384 1708 480 1763 sequor
491 1704 537 1746 aut
552 1691 664 1746 Helicen
672 1705 728 1759 aut,
741 1709 795 1766 qua
808 1688 897 1765 Tyrus
911 1692 1005 1757 utitur,
1019 1690 1138 1759 Arct0n3

279 1809 281 1813 -
308 1774 419 1830 Publica
432 1794 488 1831 non
502 1790 575 1832 curat
587 1777 672 1832 sidera
686 1789 776 1833 noster
788 1794 874 1833 amor.

310 1860 502 1915 Andromedan
513 1862 580 1915 alius
593 1874 693 1933 spectet
705 1862 856 1935 claramque
869 1861 1022 1929 Coronam,

311 1945 442 2019 Quaeque
456 1947 536 2002 micat
548 1946 637 2021 gelido
652 1947 787 2003 Parrhasis
800 1948 870 2003 Ursa
882 1947 957 2020 polo.

228 2069 308 2131 Haec
320 2070 471 2132 recondita
483 2070 627 2147 doctrina,
644 2073 791 2156 quavelut
804 2072 894 2133 illitae
907 2084 976 2133 sunt
986 2089 1091 2133 omnes
1099 2067 1252 2151 epistulae,

189 2175 222 2224 ut
248 2164 278 2223 in
302 2162 384 2239 viris,
410 2165 461 2248 qui
486 2164 662 2228 eruditionis
686 2166 795 2228 famam
817 2165 967 2241 affectant,
987 2163 1141 2226 laudabilis
1161 2176 1206 2224 est
1226 2176 1255 2223 et

188 2258 284 2339 poetis
307 2257 390 2340 ipsis,
415 2259 466 2342 qui
487 2278 552 2321 earn
575 2262 791 2343 circumspecto
812 2260 922 2322 iudicio
944 2260 1104 2341 attingunt,
1128 2256 1256 2318 iucunda

187 2362 360 2413 ornamenta
374 2352 506 2435 praebet,
520 2354 560 2415 ita
569 2355 670 2436 putida
680 2368 710 2415 et
719 2350 845 2415 molesta
857 2367 913 2431 est,
927 2373 997 2416 cum
1010 2350 1255 2432 intemperantius

188 2445 219 2505 in
235 2444 377 2527 plurimas
395 2447 533 2508 carminis
547 2462 644 2529 partes
662 2446 780 2511 diffluit.
800 2445 955 2519 Quoniam
969 2447 1059 2529 igitur
1077 2444 1204 2507 modum
1224 2443 1255 2503 in

187 2538 243 2600 hac
261 2559 292 2599 re
311 2540 391 2601 Naso
410 2542 545 2617 excessit,
564 2542 825 2625 reprehendendus
844 2543 922 2604 hanc
938 2540 1059 2625 quidem
1077 2538 1118 2599 ob
1136 2537 1254 2620 culpam

188 2631 371 2715 aliquantum
386 2633 546 2695 videbitur.

227 2722 396 2796 Quantum'
412 2726 461 2788 ille
487 2727 663 2810 profecisset
686 2729 721 2805 si,
747 2730 848 2791 recisis
870 2725 1037 2790 ambitiosis
1057 2725 1251 2801 ornamentis,

188 2839 309 2901 operam
318 2840 441 2881 ornnem
450 2821 687 2905 indepingendis
697 2822 875 2885 feminarum
885 2822 993 2884 animis
1001 2819 1209 2903 impendisset!
1221 2820 1255 2878 In

188 2913 235 2973 his
248 2914 330 2975 eninr
346 2914 491 2996 epistulis,
511 2918 586 2977 sicut
602 2917 633 2977 in
649 2918 752 2979 ceteris
764 2917 855 2978 huius
867 2916 1026 2998 poematis,
1039 2914 1135 2975 elucet
1149 2913 1257 2974 eximia

190 3007 334 3089 quaedam
350 3008 473 3069 humani
491 3010 583 3070 animi
600 3011 706 3071 notitia
720 3023 750 3072 et
770 3012 801 3072 ln
820 3009 1021 3071 describendis
1040 3008 1103 3069 eius
1124 3005 1255 3067 motibus

189 3120 295 3184 magna
308 3102 457 3185 sagacitas.
472 3105 513 3165 Ea
528 3104 654 3165 enimin
669 3104 780 3167 Ovidio
795 3118 855 3165 erat
869 3104 978 3165 mentis
992 3103 1069 3163 acies
1084 3120 1159 3184 quae
1168 3098 1255 3160 affec·

189 3208 236 3257 tus
258 3195 356 3256 varios
384 3198 546 3257 accuratius
575 3196 744 3259 observaret
766 3211 795 3259 et
823 3196 971 3259 subtiliter
999 3193 1169 3277 effingeret3
1199 3213 1255 3254 nec

188 3301 289 3349 tamen
315 3289 345 3348 in
366 3288 524 3372 perplexos
548 3292 676 3373 pectoris
700 3312 832 3353 recessus
858 3290 1035 3372 introspIcit,
1059 3288 1110 3349 sed
1136 3305 1256 3348 summo

188 3382 290 3443 animo
306 3382 451 3459 inhaeret,
469 3384 553 3446 cuius
570 3384 742 3447 affectiones
755 3384 915 3446 artificiose
927 3382 1124 3466 praestringit.
1145 3381 1255 3441 Mirum

189 3489 234 3536 est
255 3474 414 3558 praecipue
436 3492 580 3561 quantum
602 3480 634 3539 in
654 3477 850 3561 depingendis
874 3478 1048 3551 amantium,
1078 3474 1256 3537 feminarum

189 3568 348 3650 Imprimis,
374 3570 630 3633 commotionibus
657 3572 706 3633 hic
722 3571 829 3647 valeat,
849 3571 924 3633 adeo
946 3585 980 3632 ut
1002 3571 1034 3630 in
1055 3569 1111 3630 hac
1134 3566 1256 3650 quidem

190 3676 270 3743 parte
286 3676 391 3745 regnet
406 3664 545 3725 Ovidius.
560 3666 624 3726 Iam
640 3664 853 3747 supradictum
870 3665 956 3727 estin
971 3660 1180 3735 adumbrandis
1191 3679 1256 3742 per·

189 3775 330 3817 sonarum
352 3756 479 3838 ingeniis
499 3757 616 3819 colores
633 3758 779 3842 quosdam
798 3757 834 3819 ab
854 3759 914 3819 hoc
931 3755 1074 3831 adhiberi,
1096 3751 1256 3837 exquibus

190 3850 336 3910 recentior
353 3863 416 3912 toto
433 3850 533 3913 habitu
554 3851 708 3914 scribentis
724 3854 837 3935 species
851 3864 998 3935 appareat.
1019 3848 1077 3912 Sed
1090 3848 1226 3932 quamvis
1240 3865 1257 3906 e

192 3944 398 4005 Romanorum
421 3944 555 4007 moribus
581 3966 675 4028 pauca
703 3959 822 4029 sumpta
842 3966 906 4007 esse
931 3944 1098 4017 videantur,
1120 3962 1137 4003 a
1164 3940 1257 4002 doctis

189 4049 305 4099 tantum
321 4037 593 4103 animadvertentur
608 4041 674 4116 ista,
692 4054 825 4103 ceterum
842 4036 1043 4101 descrihendis
1056 4036 1150 4099 animi
1166 4033 1255 4109 moti·
