3159 5017
749 519 909 579 ..33-

338 657 380 715 lta
394 668 423 715 et
436 654 505 715 XXl
518 654 603 734 epist.
622 652 779 734 praecipue
795 652 826 711 in
845 651 1050 712 vetustissimis
1064 648 1218 711 codicibus
1232 664 1364 713 truncata

297 747 460 831 profertur,
480 748 554 808 adeo
572 760 604 807 ut
622 746 780 807 duodecim
800 759 914 805 tanturn
935 745 1024 826 primi
1041 764 1144 805 versus
1161 746 1361 825 reperiantur3

297 862 371 924 quae
385 862 430 901 res
445 841 670 901 Lachmannum
686 838 805 920 impulit
816 852 849 899 ut
858 858 895 898 ex
908 858 943 899 ea
955 853 1069 899 ceteros
1077 858 1181 899 versus
1191 838 1361 921 expelleret,

296 951 437 1019 tanquam
462 934 526 995 Itali
549 932 673 995 alicuius
694 932 798 993 fraude
820 931 917 993 fictos.
942 932 1024 1004 Quid
1052 946 1151 993 autern
1175 933 1243 993 inde
1263 932 1364 1015 colligi

296 1044 406 1111 potest,
425 1029 481 1088 nisi
501 1027 618 1088 codices
639 1026 807 1088 Ovidianos
825 1027 1031 1087 adversissima
1048 1025 1106 1086 fata
1123 1041 1259 1108 expertos
1277 1030 1364 1087 esse?

297 1124 380 1183 Licet
397 1142 469 1183 vero
491 1120 625 1202 plerique
644 1133 712 1201 post
727 1120 940 1181 duodecimum
954 1140 1074 1179 versum
1089 1118 1236 1195 deficiant,
1251 1134 1364 1181 exstant

296 1230 395 1276 tamen
411 1216 441 1275 in
461 1213 637 1298 quibusdam
657 1233 711 1273 nec
727 1214 901 1294 spernendis
921 1213 1113 1289 membranis,
1128 1214 1244 1274 decimo
1259 1215 1363 1295 quinto

297 1308 415 1370 saeculo
435 1328 525 1368 manu
545 1308 678 1377 exaratis,
698 1321 728 1367 et
748 1308 807 1367 iarn
827 1308 857 1366 in
880 1307 1014 1387 principe
1033 1307 1164 1366 editione
1188 1306 1365 1366 exhibentur

297 1417 393 1484 partes
407 1422 482 1484 quae
498 1403 528 1460 in
541 1399 752 1461 vetustioribus
767 1398 985 1481 exemplaribus
1001 1400 1199 1461 exciderant1.
1214 1400 1363 1482 Epistulae

296 1514 415 1577 quoque
428 1495 496 1555 XVI
510 1513 613 1553 versus
630 1511 753 1570 39·142,
768 1494 819 1574 qui
834 1494 865 1551 in
878 1491 1028 1573 plerisque
1043 1491 1126 1552 libris
1137 1506 1167 1553 et
1179 1493 1210 1552 in
1226 1491 1364 1554 Planudis

296 1589 433 1648 versione
449 1607 553 1670 graeca
572 1587 689 1662 desunt,
712 1587 784 1668 quin
804 1586 916 1647 Ouidio
936 1586 1019 1668 digni
1041 1587 1112 1662 sint,
1136 1586 1209 1647 nulli
1229 1586 1363 1647 dubitan-

297 1683 369 1743 dum
396 1681 554 1755 videbitur,
580 1681 630 1762 qui
660 1693 822 1740 venustum
849 1699 955 1740 eorum
979 1680 1123 1754 colorem,
1149 1694 1178 1741 et
1197 1680 1363 1762 elegantem

297 1776 453 1851 luxuriam,
463 1776 586 1835 virtutes
597 1774 725 1855 denique
734 1774 855 1855 ipsaque
863 1774 935 1833 vitia
942 1774 1055 1833 Nasoni
1064 1773 1220 1834 sollemnia
1229 1776 1363 1855 inspexe-

298 1870 351 1944 rit;
366 1881 497 1929 ceterum
512 1888 566 1950 pro
582 1866 741 1928 Ovidianis
753 1881 851 1948 partes
866 1886 914 1927 eas
927 1866 1076 1927 habendas
1089 1886 1152 1925 esse
1168 1865 1364 1948 locupletibus

297 1962 477 2043 argumentis
499 1962 554 2021 viri
572 1962 650 2021 docti
668 1959 892 2022 ostenderunt2.
913 1962 1001 2021 itaet
1025 1962 1095 2020 XXI
1115 1959 1239 2041 epistula
1258 1961 1365 2020 iniuria

296 2056 439 2136 temporis
461 2067 548 2136 atque
568 2053 815 2135 interpolatorum
837 2052 959 2114 audacia
982 2051 1118 2135 pluribus
1139 2053 1261 2113 fortasse
1289 2053 1364 2113 locis

297 2150 452 2231 depravata
466 2163 527 2225 est3
552 2168 720 2230 quanquam
733 2168 806 2207 vero
830 2162 859 2209 et
877 2149 908 2207 in
925 2149 981 2208 hac
999 2162 1029 2208 et
1048 2148 1078 2206 in
1098 2148 1201 2207 ceteris
1220 2147 1365 2207 nonnulla

297 2243 484 2324 reperiuntur
505 2262 579 2324 quae
596 2242 708 2303 Ovidio
724 2242 845 2322 indigna
862 2242 955 2301 videri
971 2242 1097 2322 possint,
1114 2262 1176 2300 non
1191 2241 1259 2301 inde
1274 2240 1364 2301 effici·

296 2350 344 2397 tur
363 2350 395 2397 ut
409 2357 464 2418 pro
482 2335 653 2396 adulterinis
668 2335 770 2395 haberi
786 2333 912 2395 debeant
931 2358 938 2395 ε
960 2335 1042 2416 quasi
1056 2349 1195 2395 constans
1211 2332 1321 2416 ubique
1336 2349 1365 2395 et

297 2450 414 2512 semper
438 2429 586 2511 perfectus
605 2430 653 2489 hic
669 2443 718 2489 aut
735 2427 859 2511 quilibet
875 2428 951 2488 alius
966 2442 1053 2510 poeta
1070 2430 1100 2487 in
1117 2442 1181 2488 toto
1198 2430 1364 2489 carminum

297 2538 389 2585 tractu
406 2526 591 2605 permaneat!

338 2616 496 2688 Quosdam
512 2616 669 2697 praecipue
688 2614 814 2675 offendit
828 2616 942 2676 diversa
956 2616 1155 2696 posteriorum
1172 2614 1365 2697 epistularum

296 2712 384 2785 rati0,
410 2731 467 2792 qua
492 2709 646 2769 scribentis
673 2708 728 2767 viri
760 2708 864 2769 litteris
890 2710 1041 2790 aptissime
1072 2709 1210 2769 cohaeret
1237 2708 1364 2770 feminae

287 2805 463 2886 responsio.
482 2804 573 2885 Igitur
594 2803 667 2863 lahn
685 2801 792 2883 aliique
813 2802 891 2862 docti
910 2804 977 2877 viri,
999 2817 1032 2863 ut
1046 2803 1123 2862 hanc
1142 2804 1320 2862 concinnam
1336 2817 1365 2862 et

296 2898 490 2979 quadrantem
505 2896 755 2977 compositionem
769 2895 959 2977 explicarent,
974 2895 1018 2956 bis
1031 2896 1122 2956 editas
1139 2916 1203 2955 esse
1217 2895 1363 2955 Heroides

297 2991 525 3051 contenderunt.
548 2992 733 3070 Argumento
754 2988 811 3048 illis
832 2988 897 3063 fuit,
918 2989 1000 3070 quod
1023 2990 1054 3048 in
1076 2990 1148 3049 duas
1171 3003 1267 3070 partes
1291 2989 1364 3049 haec

297 3085 428 3144 carmina
440 3086 470 3143 in
484 3082 659 3165 quibusdam
678 3082 829 3143 codicibus
848 3082 941 3142 divisa
957 3096 1071 3143 exstent
1089 3096 1118 3142 et
1132 3084 1202 3143 XIV
1216 3082 1365 3164 prioribus

297 3178 370 3238 liber
385 3178 510 3259 primus,
525 3190 554 3237 et
565 3177 607 3236 Vl
620 3176 833 3257 posterioribus
845 3175 919 3236 liber
938 3176 1085 3237 secundus
1099 3177 1251 3256 inscriptio
1266 3178 1312 3236 sit.
1325 3178 1365 3237 At

296 3273 321 3331 si
333 3272 464 3353 primum
478 3284 506 3330 et
522 3271 628 3330 iterum
642 3269 797 3329 emendata
809 3283 838 3329 et
852 3270 969 3351 vulgata
984 3290 1018 3330 ea
1031 3269 1171 3345 fuissent,
1187 3289 1262 3351 quae
1279 3289 1364 3329 causa

297 3378 373 3424 esset
395 3384 446 3424 cur
468 3365 498 3423 in
520 3377 654 3423 veterum
673 3364 935 3443 grammaticorum
956 3362 1036 3423 libris
1053 3364 1116 3423 eius
1136 3364 1177 3424 rei
1196 3364 1364 3425 testimonia

297 3459 423 3517 omnino
443 3455 614 3531 deficerent,
639 3456 881 3538 quandoquidem
904 3456 972 3516 talia
998 3457 1033 3516 de
1058 3458 1153 3537 poetis
1175 3456 1249 3531 aliis,
1275 3471 1308 3517 ut
1328 3457 1364 3517 de

296 3550 437 3611 Terentio
458 3564 487 3611 et
506 3549 668 3632 Apollonio
685 3550 814 3625 Rhodio,
835 3551 940 3610 tradita
952 3552 1042 3610 sunt?
1057 3551 1139 3621 Quid
1153 3549 1241 3610 refert
1254 3552 1285 3609 in
1300 3552 1364 3632 qui-

296 3642 420 3704 busdam
436 3643 652 3725 exemplaribus
667 3644 877 3725 inscriptiones
897 3643 960 3703 illas
979 3643 1058 3725 legi?
1081 3644 1191 3705 Eadem
1206 3646 1364 3705 ratiocina-

328 3876 349 3907 ι.
368 3858 405 3905 Cf.
418 3858 487 3905 Loers
509 3859 534 3905 in
547 3857 602 3907 edit.
615 3858 685 3921 praef.
700 3870 722 3906 et
732 3858 867 3922 Sedlmayer
882 3860 906 3906 in
918 3858 1005 3920 Proleg.
1018 3860 1082 3919 crit,
1095 3874 1118 3921 p.
1133 3874 1150 3904 1.

329 3958 351 3993 2.
370 3944 396 3989 In
410 3941 466 3990 edit.
477 3954 604 3992 comment.
617 3944 758 4006 Naugerius,
767 3944 821 3991 Van
833 3944 937 4007 Lennep,
947 3945 965 3990 l.
982 3945 1048 4000 lahn,
1063 3944 1145 4001 laoers3
1161 3942 1295 4006 Sedlmayer
1307 3958 1365 3990 vero

297 4019 400 4083 obliquis
411 4019 492 4065 litteris
503 4034 544 4065 eos
557 4034 637 4066 versus
651 4020 772 4083 expressit.
873 4061 876 4069 .
