3159 5017
801 512 960 573 -68-

342 656 498 718 consonat,
525 644 576 718 ΙΙΙ,
603 658 652 719 72,
677 646 715 721 76
739 644 834 725 (tuos,
860 642 957 725 colos)
974 658 996 718 ¹,
1018 658 1096 718 etc.;
1120 643 1247 727 denique
1271 642 1411 705 leoninus

345 756 431 818 saepe
457 750 641 819 pentameter
666 738 774 813 evadit,
801 739 826 813 l,
855 740 892 799 26
920 738 1057 819 (patrios,
1084 736 1182 818 deos),
1214 757 1249 816 32
1272 738 1407 819 (exiguo,

342 829 453 911 mero),
471 832 506 909 36
521 830 693 912 (admissos,
706 831 829 913 equos),
840 845 897 891 etc.
908 829 971 912 (ef.
985 829 1143 899 Tolkiebu,
1154 841 1197 913 op.
1208 831 1268 907 cit,
1280 851 1311 912 p.
1325 830 1407 912 154).

343 927 428 985 Hanc
446 925 663 985 concinentiam
686 944 722 985 eo
741 926 843 985 minus
862 925 954 985 vitare
975 924 1073 1005 potuit
1091 925 1218 985 Ovidius
1236 945 1296 1007 quo
1313 926 1408 1006 magis

344 1018 474 1099 epitheta
492 1016 528 1077 ab
546 1017 735 1079 substantivis
750 1019 905 1099 seiungere
925 1016 1068 1077 studebat.
1085 1019 1155 1078 Non
1167 1032 1267 1078 tamen
1281 1019 1407 1078 omnino

344 1111 527 1172 excusandus
541 1111 590 1171 hic
601 1111 728 1186 videtur,
744 1112 812 1193 quia
829 1110 989 1171 latinorum
1006 1130 1146 1171 versuum
1160 1125 1324 1172 concentus
1341 1125 1408 1192 apta

345 1203 521 1286 syllabarum
536 1202 692 1286 longarum
704 1218 732 1265 et
744 1204 880 1265 brevium
887 1203 1106 1285 compositione
1115 1219 1145 1265 et
1155 1218 1232 1264 certa
1243 1218 1406 1265 metrorum

345 1300 458 1359 ratione
479 1298 641 1374 constabat,
662 1297 896 1359 consonantibus
918 1312 1017 1358 autern
1039 1297 1176 1357 clausulis
1201 1312 1251 1358 aut
1279 1298 1407 1358 leoninis

344 1391 476 1452 versibus
488 1391 680 1474 repugnabat,
696 1393 770 1453 adeo
785 1405 818 1451 ut
827 1391 999 1452 huiusmodi
1010 1392 1207 1465 concinentia,
1220 1393 1406 1452 decrescente

345 1500 374 1546 et
388 1499 557 1546 senescente
570 1486 687 1567 poetica
698 1499 769 1553 arte,
782 1485 860 1567 apud
871 1488 1022 1547 Romanos
1033 1484 1095 1544 sola
1103 1499 1256 1566 postremo
1267 1486 1405 1566 viguerit,

343 1600 411 1640 cunr
432 1580 570 1661 pristinae
590 1593 753 1640 metrorum
775 1579 854 1660 leges
875 1579 1029 1638 inscientia
1050 1577 1276 1640 obsolevissent.
1298 1578 1357 1639 Sed
1375 1580 1405 1638 in

343 1674 529 1734 admittendis
548 1672 653 1736 talibus
665 1672 792 1733 licentiis
804 1672 949 1754 quaedam
962 1671 1058 1731 latinis
1072 1673 1169 1752 poetis
1184 1692 1325 1732 concessa
1342 1692 1406 1731 esse

341 1768 574 1842 meminerimus,
592 1779 621 1826 et
636 1786 691 1826 nos
703 1764 890 1847 indulgentes
905 1779 1086 1847 praestemus
1098 1779 1227 1846 oportet,
1245 1766 1313 1848 quia
1326 1764 1404 1826 levia

342 1860 415 1920 haec
435 1860 505 1919 vitia
520 1859 770 1941 praefulgentibus
783 1858 939 1919 virtutibus
957 1878 1027 1917 sane
1042 1857 1246 1918 obscurantur.

382 1955 470 2014 Nunc
488 1973 581 2034 pauca
602 1953 638 2013 de
658 1952 834 2035 quibusdam
852 1952 980 2013 Nasonis
996 1950 1125 2013 artificiis
1142 1952 1259 2027 addam,
1279 1973 1355 2034 quae
1377 1954 1407 2013 in

345 2046 560 2128 componendis
571 2045 703 2106 versibus
718 2059 907 2126 usurpantur.
922 2046 1060 2106 Occurrit
1075 2046 1220 2127 imprimis
1233 2044 1281 2105 ille
1301 2047 1407 2128 repeti·

345 2140 460 2201 tionum
477 2160 559 2215 usus,
577 2138 684 2222 quibus
701 2138 842 2221 splendor
860 2153 889 2199 et
905 2139 1031 2220 gravitas
1048 2140 1201 2199 sententiis
1220 2139 1346 2215 additur,
1369 2141 1406 2214 ll,

349 2253 400 2312 143
420 2255 427 2293 2

539 2354 595 2409 Stat
609 2370 674 2407 nece
686 2365 789 2407 matura
805 2365 928 2406 tenerum
943 2370 1052 2424 pensare
1066 2354 1211 2425 pudorem;

538 2438 569 2492 ln
583 2438 654 2492 necis
667 2437 753 2492 electu
769 2454 848 2509 parva
859 2436 950 2491 lutura
961 2454 1037 2491 mora
1050 2449 1098 2493 est.

385 2574 545 2637 Sollemnis
560 2576 609 2635 hic
622 2588 666 2635 est
679 2589 784 2656 poetae
800 2595 878 2650 mos,
892 2595 947 2634 nec
964 2596 1033 2636 sane
1046 2574 1146 2635 infelix
1159 2574 1252 2650 labor,
1268 2575 1324 2636 nisi
1339 2596 1407 2637 cum

345 2669 587 2751 intemperantius
602 2669 633 2727 in
647 2688 716 2728 eum
728 2667 777 2728 ille
792 2669 916 2750 proruit,
933 2670 985 2744 lV,
1005 2688 1056 2747 143
1076 2690 1083 2728 τ

501 2802 538 2855 Ut
551 2802 637 2855 tenuit
651 2801 748 2856 domus
761 2819 814 2856 una
828 2801 906 2867 duos,
923 2802 1021 2856 domus
1035 2819 1089 2854 una
1101 2802 1218 2867 tenebit;

501 2886 602 2941 Oscula
616 2898 704 2957 aperta
716 2886 797 2940 dabas
804 2904 812 2951 ;
828 2885 1022 2958 oscula-aperta
1031 2886 1105 2941 dabis
1117 2898 1137 2940 ².

386 3027 418 3085 ln
440 3025 610 3084 huiusmodi
632 3025 712 3084 enim
736 3022 810 3085 locis
829 3024 992 3085 rhetoricae
1014 3024 1132 3085 scholae
1154 3044 1263 3084 naevos
1287 3025 1407 3106 reperiri

345 3117 408 3198 jure
430 3119 589 3192 existimes,
616 3130 644 3177 et
668 3118 766 3178 minus
785 3118 832 3177 his
857 3116 969 3177 deliciis
990 3116 1145 3178 indulsisse
1166 3130 1286 3198 poetam
1305 3118 1405 3178 velles.

347 3210 531 3273 Probabilior
550 3231 619 3271 sane
639 3231 683 3271 ars
706 3210 755 3271 illa
774 3225 829 3287 est,
852 3231 910 3293 qua
932 3210 1020 3271 verba
1043 3213 1189 3272 contrarie
1216 3211 1305 3272 relata
1329 3226 1405 3283 sunt,

347 3306 488 3387 quoniam
502 3304 683 3387 splendidius
701 3306 739 3364 ita
760 3325 863 3364 versus
880 3304 1061 3365 illustrantur
1074 3319 1103 3366 et
1117 3306 1241 3365 adverso
1255 3307 1410 3367 sententia·

348 3418 414 3459 rum
429 3418 575 3460 concursu
588 3399 683 3459 acrius
695 3399 812 3459 animos
825 3399 949 3475 irritant,
965 3402 1016 3474 ΙΙΙ,
1034 3414 1083 3477 97,
1103 3418 1158 3460 100
1174 3420 1181 3457 :

559 3532 621 3587 Sola
634 3533 722 3587 virum
738 3533 856 3587 coniunx
870 3531 942 3586 flexit
946 3572 1000 3587 .....

557 3617 666 3689 Saepius
678 3618 705 3670 in
717 3617 820 3670 domini
833 3633 908 3671 serva
919 3630 1012 3671 vocata
1023 3628 1123 3672 torum.

389 3754 479 3815 Plano
492 3754 551 3815 hoc
562 3769 591 3815 et
606 3753 752 3815 tironibus
769 3755 858 3814 etiam
875 3768 976 3835 aperto
994 3753 1117 3815 artificio
1134 3756 1247 3815 utinam
1267 3754 1316 3815 ille
1332 3769 1404 3815 tem-

376 3968 398 4002 1.
415 3952 453 4000 cf.
465 3951 592 4011 Tolkiehn,
606 3961 639 4015 op.
653 3954 702 4009 cit,
716 3970 739 4017 p.
755 3968 797 4014 123
812 3969 848 4017 sq.

375 4043 398 4077 2.
416 4027 454 4077 Cf.
465 4028 627 4092 Eschenburg,
641 4038 675 4092 op.
686 4031 734 4087 cit,
749 4045 769 4077 c.
780 4030 823 4087 IV,
837 4044 848 4075 1
860 4039 883 4076 et
896 4043 919 4077 a.
960 4071 963 4075 .
