3159 5017
766 464 927 523 ..26-

353 596 482 658 Ovidius
516 609 637 667 autem,
666 614 819 677 nunquam
850 595 896 655 sui
929 594 1101 672 immemor,
1138 596 1292 678 ingenium
1318 595 1382 657 ani-

317 710 460 774 mumque
485 690 515 750 in
536 687 677 751 omnibus
698 687 877 751 carminibus
902 690 962 749 suis
979 689 1095 771 prodit;
1113 710 1182 751 cum
1199 691 1280 752 enim
1300 690 1382 772 inge·

313 784 424 847 nuitate
445 782 494 844 illa
509 796 629 857 careret,
646 802 735 865 quam
755 782 875 844 Flaccus
894 782 925 844 in
944 783 1071 845 candido
1089 783 1231 867 Vergilio·
1242 782 1381 859 laudavit,

313 878 365 939 sed
374 877 475 960 potius
489 877 598 939 mentis
612 875 801 938 acuminibus
820 889 850 937 et
863 874 1025 938 luminibus
1041 877 1180 951 eniteret,
1198 875 1265 940 ideo
1284 876 1383 937 deerat

313 970 357 1033 illi
385 972 495 1032 eximia
531 969 580 1030 illa
604 969 729 1031 facultas
760 990 819 1053 qua
847 985 928 1031 vates
955 990 1098 1053 personas
1127 971 1220 1031 varias
1252 970 1383 1032 vicissim

314 1065 437 1127 induere
449 1064 514 1124 sine
524 1062 586 1125 ullo
597 1063 641 1125 sui
652 1077 788 1145 respectu
796 1065 904 1146 possit,
914 1084 959 1139 ac,
974 1066 1114 1147 quotiens
1126 1064 1207 1125 viros
1219 1064 1382 1126 feminasve

314 1158 471 1242 loquentes
481 1157 610 1232 inducat,
624 1157 701 1219 veris
712 1157 894 1240 diversisque
908 1158 972 1239 ipse
982 1157 1381 1220 affectibuscommoveatur.

313 1255 351 1316 At
379 1252 410 1313 in
435 1251 525 1312 huius
548 1263 652 1333 poetae
673 1251 796 1333 ingenio
820 1252 933 1312 eminet
949 1252 1095 1334 imprimis
1117 1251 1217 1313 mollis
1236 1251 1383 1334 quaedam

314 1344 447 1420 facilitas,
468 1364 526 1427 qua
545 1364 684 1427 personas
702 1345 803 1427 plures
817 1343 960 1427 attingere
982 1358 1095 1427 potest,
1117 1359 1146 1406 et
1163 1345 1263 1406 nitidis
1280 1344 1383 1405 iucun-

314 1439 419 1522 disque
425 1437 576 1500 coloribus
591 1439 712 1521 pingere
722 1462 730 1515 ;
741 1458 843 1499 earum
853 1457 924 1500 vero
936 1437 1115 1500 lineamenta
1128 1438 1268 1521 equidem
1278 1438 1383 1500 dubito

314 1553 351 1594 an
375 1552 510 1615 expressa
537 1531 573 1593 ad
593 1546 726 1594 naturam
752 1546 781 1594 et
809 1532 908 1593 vivida
940 1533 1010 1607 sint,
1040 1534 1108 1615 quia
1128 1533 1243 1593 Nasoni
1263 1552 1325 1592 non
1352 1533 1383 1593 in

314 1639 457 1708 promptu
472 1639 516 1687 est
526 1639 606 1697 tanta
620 1626 664 1687 vis
677 1626 781 1702 animi,
799 1639 831 1687 ut
846 1626 958 1708 effigies
970 1628 1054 1709 quasi
1065 1627 1210 1708 spirantes
1223 1625 1286 1687 acie
1299 1644 1382 1687 men-

314 1720 351 1783 tis
366 1719 592 1802 complectatur,
602 1740 674 1803 quas
689 1720 810 1781 intuens
822 1739 945 1781 manum
961 1720 1083 1802 derigat,
1097 1718 1207 1781 effictas
1220 1721 1332 1802 species
1347 1719 1382 1780 ad

314 1814 466 1891 veritatem
481 1814 631 1896 perducat,
655 1827 685 1875 et
703 1814 785 1897 quasi
805 1813 891 1876 vivos
908 1812 1009 1874 vultus
1026 1813 1095 1875 stilo
1117 1826 1331 1896 repraesentet3
1354 1826 1384 1874 at

316 1908 415 1988 potius
434 1906 631 1969 sublustribus
655 1906 806 1969 coloribus
823 1907 955 1989 depictae
976 1927 1120 1988 personae
1137 1921 1291 1991 apparent,
1311 1927 1384 1989 quas

316 2002 396 2077 iuvat
412 2001 533 2084 quidem
554 2003 697 2084 aspicere,
720 2022 821 2063 earum
835 2016 934 2063 autem
951 2002 1051 2083 imago
1068 2001 1147 2062 haud
1163 2002 1250 2062 insita
1263 2002 1383 2083 penitus

265 2170 268 2177 ,
318 2094 469 2156 mentibus
484 2096 591 2157 nostris
606 2095 802 2177 permanebit.

319 2242 322 2247 .
355 2191 506 2250 Praeterea
519 2189 631 2251 Ouidio
653 2188 771 2251 abunde
785 2209 855 2250 sane
872 2203 917 2251 est
931 2188 1077 2251 urbanum
1098 2188 1249 2272 quoddam
1270 2188 1383 2270 ingenii

315 2302 453 2357 acumen,
477 2302 537 2366 quo
555 2296 693 2344 venustas
714 2281 830 2367 puellas
852 2282 1025 2359 adumbret;
1052 2283 1136 2343 deest
1154 2301 1225 2342 vero
1247 2296 1383 2344 tenerum

315 2376 390 2437 illud
403 2390 506 2458 pectus
519 2375 599 2459 quod
614 2376 702 2438 variis
713 2375 867 2437 affectibus
883 2376 1015 2437 vicissim
1037 2374 1189 2437 molliatur
1206 2388 1235 2436 et
1249 2389 1381 2457 poetam,

316 2490 377 2531 non
393 2471 492 2531 minus
512 2490 600 2552 quarn
622 2483 782 2545 oratorem,
808 2468 951 2531 disertum
973 2468 1068 2531 faciat.
1091 2470 1202 2530 Animo
1222 2481 1334 2530 attento
1358 2469 1382 2528 si

314 2564 381 2648 quis
395 2564 536 2640 intuetur,
553 2583 705 2648 nunquam
718 2563 766 2624 hic
781 2564 878 2645 gravis
889 2564 944 2625 viri
957 2563 1085 2624 frontem
1103 2583 1171 2645 prae
1185 2582 1216 2623 se
1228 2563 1315 2639 ferre,
1331 2562 1383 2623 sed

314 2658 437 2719 facetam
447 2658 575 2719 ironiam
589 2657 721 2720 affectare
734 2671 764 2719 et
776 2658 807 2717 in
823 2657 1001 2719 feminarum
1016 2655 1170 2718 doloribus
1182 2676 1234 2738 per
1248 2656 1382 2738 lepidum

314 2750 477 2814 ludibrium
489 2751 644 2813 irridendis
659 2750 799 2813 oblectari
814 2750 942 2813 videtur.
960 2751 1031 2812 Ideo
1044 2770 1186 2832 personas
1200 2751 1327 2833 saepius,
1344 2769 1383 2812 ne

316 2845 411 2908 dicam
432 2866 560 2927 semper,
581 2866 643 2907 non
666 2865 700 2906 ex
720 2846 864 2928 cuiusque
879 2844 1033 2906 scribentis
1047 2845 1169 2926 ingenio
1184 2842 1309 2927 effingit,
1327 2864 1383 2905 nec
1457 2884 1460 2888 >

316 2940 437 3001 diversis
459 2938 613 3001 affectibus
642 2938 796 3022 indolique
818 2939 1111 3001 convenientissimis
1133 2937 1306 3020 distinguit3
1331 2938 1383 2999 sed

316 3054 378 3094 non
393 3054 458 3094 raro
475 3034 581 3095 accidit
597 3046 630 3094 ut
649 3034 679 3093 in
701 3032 867 3094 Heroidum
886 3032 1019 3094 moribus
1033 3032 1233 3113 exprimendis
1251 3031 1287 3092 ab
1306 3032 1383 3093 vitae

315 3127 455 3211 gravitate
477 3141 505 3188 et
524 3128 636 3189 heroici
652 3128 717 3188 aevi
737 3127 920 3209 ingenuitate
934 3125 1081 3200 discedat,
1099 3125 1217 3207 qualem
1233 3128 1383 3186 Homerus

315 3222 425 3304 aliique
447 3221 553 3282 Graeci
573 3234 679 3302 poetae
694 3220 935 3295 informaverant,
957 3233 987 3281 et
1008 3233 1110 3281 contra
1123 3219 1291 3302 aequalium
1310 3238 1383 3280 suo·

316 3335 382 3377 rum
395 3313 579 3375 delicatiores
593 3313 988 3397 affectusexquisitioresque
999 3334 1103 3374 sensus
1117 3312 1271 3374 describat.
1289 3314 1384 3395 Saepe

315 3410 396 3487 enim
425 3422 585 3470 occurrunt
605 3408 767 3469 sententiae
791 3422 821 3470 et
845 3407 991 3489 exempla,
1016 3428 1090 3489 quae
1116 3427 1151 3467 ex
1178 3409 1383 3469 Romanorum

315 3501 418 3580 usibus
433 3516 637 3577 manavemnt,
659 3502 731 3563 dum
749 3502 841 3563 modo
856 3502 952 3563 studia
966 3501 1125 3584 palaestrae
1139 3499 1187 3561 vel
1202 3501 1315 3561 otiosae
1324 3520 1383 3582 per

314 3596 446 3678 porticus
464 3594 680 3657 ambulationes
702 3608 987 3670 commemorantur,
1010 3614 1085 3677 quae
1114 3593 1277 3676 plurimum
1304 3593 1384 3676 apud

315 3688 382 3769 illos
395 3687 558 3773 vigebant:
1149 3713 1153 3718 ·
1314 3715 1317 3719 ⁴
1380 3713 1384 3717 ·

475 3870 532 3925 Aut
545 3868 602 3925 fora
615 3868 803 3935 vosretinent,
819 3879 866 3923 aut
880 3879 977 3923 unctae
991 3867 1062 3926 dona
1080 3867 1256 3941 palaestrae„
1332 3903 1334 3906 -

447 3946 453 3958 ’
1116 3950 1190 4020 XIX,
1211 3967 1251 4020 11,
1268 3967 1325 4024 sqq.
1377 4008 1381 4013 ,
