3159 5017
733 837 968 911 CONCLUSlO

357 1037 400 1095 Ex
413 1036 466 1095 ista
477 1048 632 1117 poetarum
646 1035 741 1110 turba,
757 1037 808 1118 qui
822 1057 853 1097 se
866 1037 902 1097 ad
915 1036 1085 1097 scribendas
1105 1037 1228 1098 Heroid.
1243 1037 1383 1119 epistulas

316 1129 516 1203 accinxerunt,
533 1149 609 1189 unus
624 1129 719 1191 multo
728 1130 918 1211 dignissimus
926 1129 1055 1191 Ovidius
1067 1144 1111 1191 est
1122 1150 1212 1211 quem
1220 1131 1383 1191 litterarum

315 1221 439 1283 studiosi
453 1221 587 1304 diligenti
600 1241 691 1283 manu
703 1237 832 1299 versent,
847 1224 941 1306 utqui
952 1224 1041 1283 huius
1053 1224 1191 1284 carminis
1203 1224 1342 1285 inventor
1353 1239 1382 1285 et

315 1316 394 1377 idem
402 1315 925 1399 perfectissimusscriptorexstiterit.
935 1318 1012 1377 Nam
1020 1316 1101 1399 quod
1110 1317 1187 1398 apud
1196 1318 1381 1399 Propertium

315 1410 464 1469 invenitur
479 1410 641 1470 Arethusae
659 1410 694 1470 ad
718 1410 862 1491 Lycotan,
882 1424 932 1471 aut
944 1410 1101 1471 Corneliae
1115 1411 1151 1471 ad
1169 1410 1305 1471 Paullum
1318 1412 1381 1492 epi·

316 1503 401 1579 stula,
421 1523 482 1563 non
502 1523 537 1563 ex
560 1504 619 1563 hoc
635 1504 717 1564 tenui
736 1504 884 1585 principio
901 1501 1021 1564 fluxisse
1041 1503 1113 1563 illud
1129 1524 1257 1585 poeseos
1271 1524 1378 1586 genus,

314 1616 411 1679 neque
425 1598 517 1678 magis
535 1616 570 1657 ex
584 1595 682 1679 aliquo
696 1616 803 1677 graeco
818 1596 901 1658 fonte
913 1617 1047 1657 manasse
1060 1598 1198 1657 existimo
1210 1619 1218 1672 3
1239 1598 1290 1657 sed
1306 1617 1376 1658 curn

312 1692 392 1751 Naso
406 1690 517 1771 ingenii
529 1688 628 1750 indole
639 1690 674 1750 ad
685 1690 785 1772 elegos
797 1711 962 1773 propensus
973 1704 1049 1751 esset
1059 1705 1088 1751 et
1099 1692 1129 1750 in
1140 1691 1299 1772 tragoediis
1309 1693 1379 1752 scri-

313 1783 428 1860 bendis,
444 1803 504 1865 quo
516 1797 651 1864 tempore
665 1783 720 1844 hae
738 1784 887 1866 Epistulae
903 1785 1086 1864 compositae
1099 1798 1184 1859 sunt,
1200 1799 1377 1861 versaretur,

311 1878 379 1938 ideo
403 1876 438 1937 ad
462 1878 690 1959 excogitandum
716 1878 775 1937 hoc
798 1878 952 1960 poeticum
972 1898 1067 1959 genus
1092 1878 1190 1938 choris
1220 1892 1249 1939 et
1272 1877 1378 1939 fabulis

312 1971 503 2046 Graecorum,
520 1972 738 2052 praecipueque
753 1970 911 2052 μονολόγοις
924 1971 1087 2053 impulsum
1101 1991 1171 2031 eum
1182 1991 1245 2032 esse
1256 1992 1375 2046 censeo,

308 2065 478 2146 praesertim
502 2084 571 2124 curn
597 2064 772 2125 huiusmodi
793 2065 924 2125 carmina
948 2077 977 2125 et
1001 2063 1191 2124 scholasticas
1223 2066 1376 2125 rhetorum

308 2158 539 2219 consuetudines
559 2157 700 2218 referrent
726 2172 754 2219 et
783 2156 911 2239 publicis
936 2156 1113 2218 lectionibus
1138 2158 1250 2239 optime
1279 2174 1378 2219 essent

308 2252 543 2313 accommodata.

346 2344 447 2407 Arellii
473 2346 552 2405 enim
587 2346 671 2405 Fusci
700 2358 729 2405 et
751 2346 847 2405 Porcii
869 2345 1003 2405 Latronis
1026 2342 1155 2404 officinis
1181 2344 1374 2405 informatum

307 2440 490 2501 Ouidianum
508 2439 662 2520 ingenium
684 2439 715 2498 in
737 2437 877 2499 omnibus
894 2436 981 2519 plane
999 2436 1179 2498 Heroidibus
1196 2439 1318 2513 eminet,
1335 2439 1375 2498 ita

306 2546 339 2592 ut
354 2553 414 2592 non
428 2533 533 2592 harum
546 2531 606 2592 ulla
616 2532 685 2592 huic
698 2530 857 2592 abiudicari
870 2532 973 2613 possit.
984 2533 1060 2591 Nam
1072 2551 1168 2611 neque
1179 2532 1209 2591 in
1222 2550 1372 2606 sermone,

307 2646 402 2709 neque
431 2626 461 2685 in
488 2627 619 2685 numeris
644 2639 768 2706 totoque
789 2625 908 2685 dicendi
932 2645 1040 2705 genere
1060 2625 1218 2707 quicquam
1239 2625 1374 2684 vitiosius

305 2720 420 2801 uspiam
436 2720 583 2779 inveneris
603 2718 682 2800 quod
698 2717 749 2779 illo
767 2732 854 2800 poeta
874 2719 1000 2778 omnino
1017 2718 1055 2778 sit
1073 2718 1229 2799 indignum
1244 2718 1371 2800 ideoque

306 2814 438 2894 spurium
455 2832 571 2873 carmen
584 2812 703 2893 prodat3
718 2812 813 2872 immo
825 2812 971 2872 emunctis
984 2810 1102 2871 naribus
1115 2811 1255 2871 iudicanti
1267 2831 1373 2872 omnes

304 2906 373 2967 illae
401 2905 549 2987 Epistulae
573 2906 666 2965 videri
689 2920 814 2988 possunt
838 2906 940 2965 eadem
965 2924 1055 2965 manu
1081 2903 1195 2965 elfictae
1214 2924 1290 2979 esse,
1311 2906 1373 2965 sive

304 3014 524 3082 argumentum,
536 3000 752 3075 inventionem,
764 2998 930 3059 fabularum
941 2999 1133 3071 narrationes,
1146 2998 1370 3079 descriptiones,

304 3095 365 3154 sive
379 3094 538 3154 sententias
552 3092 744 3174 affectusque,
759 3093 821 3153 sive
837 3092 964 3174 denique
977 3092 1068 3151 totius
1079 3092 1221 3152 orationis
1236 3105 1372 3152 tenorem

303 3188 436 3248 intueris.

343 3279 403 3342 Sibi
422 3282 503 3341 enim
523 3293 637 3340 constat
657 3280 784 3341 Ovidius
800 3300 868 3339 cum
885 3279 944 3339 hoc
958 3280 1124 3339 carminum
1146 3298 1241 3359 genus
1256 3291 1369 3352 tractat,

302 3375 383 3456 quod
401 3374 432 3434 in
452 3394 482 3433 re
502 3375 643 3435 amatoria
659 3372 838 3434 versabatur.
859 3375 1010 3433 Praeterea
1026 3392 1094 3432 cum
1111 3371 1163 3432 ille
1183 3372 1310 3432 nimium
1324 3372 1369 3431 sui

303 3482 416 3529 amator
439 3481 527 3542 esset,
551 3480 638 3549 atque
657 3468 765 3527 mentis
789 3468 819 3525 vi
844 3480 874 3526 et
898 3467 1064 3526 intentione
1085 3466 1208 3525 induere
1229 3484 1370 3546 personas

303 3562 437 3643 nequiret
454 3581 525 3642 quas
544 3560 743 3641 descripturus
764 3574 852 3634 esset,
873 3559 942 3619 ideo
962 3560 1025 3619 eius
1047 3558 1159 3639 ingenii
1178 3558 1367 3633 lineamenta,

302 3654 413 3715 scilicet
432 3654 555 3715 nitidam
574 3653 754 3729 facilitatem,
774 3654 920 3735 leporem,
939 3651 1135 3712 urbanitatem
1159 3651 1369 3733 lasciviamque

302 3750 332 3808 in
347 3747 486 3810 omnibus
501 3747 634 3830 epistulis
647 3747 861 3829 deprehendes.
876 3748 909 3806 ln
920 3745 1115 3827 depingendis
1124 3764 1195 3805 vero
1206 3746 1368 3805 amantium

301 3841 434 3902 moribus
454 3840 678 3923 affectibusque,
697 3839 880 3901 dulcioribus
894 3840 1062 3921 praecipue,
1082 3839 1133 3898 sed
1150 3858 1368 3919 nonnunquam

300 3949 329 3996 et
347 3933 484 4017 gravibus
504 3935 700 4017 incitatisque,
720 3935 852 3995 eminere
875 3932 1021 3994 Ovidium
1033 3930 1209 3995 ¹fatebimur.
1232 3932 1368 3991 Feminas

299 4028 361 4090 illas
387 4029 509 4111 quidem
530 4028 623 4089 velles
647 4029 746 4090 minus
771 4027 911 4089 delicatas
937 4046 1001 4087 esse
1029 4040 1059 4087 et
1084 4046 1146 4086 non
1170 4024 1313 4107 expolitas
1331 4025 1368 4086 ad
