3159 5017
660 534 818 611 ,53-

365 666 419 721 Ora
431 666 504 720 ferox
516 668 543 721 in
558 684 586 721 se
597 682 670 721 versa
684 667 786 721 lacertus
795 667 885 721 habet.

842 752 892 816 Ila,
906 753 949 805 82.

373 878 503 889 ........
524 854 661 888 ntertstrram
676 837 794 889 nominis
808 837 864 907 ipsa
869 837 937 907 fero.

885 921 947 984 XV,
964 936 1005 989 34.

372 1044 502 1058 ........
522 1004 576 1057 vidi
588 1004 750 1058 mulcentem
763 1018 869 1075 pectora
880 1022 1001 1057 somnum.

899 1089 998 1153 XVIII,
1015 1105 1058 1159 27.

370 1172 465 1227 Cetera
479 1190 540 1227 curn
553 1173 642 1251 charta
654 1172 740 1226 dextra
755 1174 834 1227 locuta
849 1190 909 1227 mea
921 1186 969 1229 est.

970 1259 1021 1325 lla,
1034 1274 1076 1313 20.

248 1378 312 1457 Ego
326 1389 471 1457 quatenus
491 1375 657 1436 existImare
678 1396 812 1456 possum,
831 1376 922 1436 istum
944 1396 1113 1437 sennonem
1132 1377 1273 1439 audacem

208 1488 276 1529 sane
295 1489 359 1529 esse
377 1467 517 1549 intellego
539 1482 568 1529 et
588 1489 678 1550 quem
694 1470 822 1529 acriores
838 1470 1061 1552 nasutioresque
1080 1470 1135 1529 viri
1156 1492 1274 1554 carpere

206 1561 316 1638 velint3
329 1582 397 1623 nam
408 1561 561 1622 notandae
571 1560 690 1643 linguae
702 1562 845 1642 cupiditas
859 1563 917 1623 iam
931 1563 962 1621 in
977 1562 1080 1623 Ovidii
1094 1565 1273 1626 carminibus

207 1655 447 1737 deprehenditur,
469 1675 539 1715 mox
560 1667 660 1716 autem
683 1655 713 1715 in
734 1676 839 1716 omnes
864 1670 959 1738 partes
981 1655 1111 1717 manabit
1135 1658 1272 1718 effunde-

206 1762 312 1831 turque
334 1763 363 1809 et
385 1749 414 1809 in
437 1748 564 1810 deterius
585 1769 691 1809 sanum
712 1748 854 1831 loquendi
875 1770 991 1810 morem
1016 1750 1122 1811 trahet.
1149 1754 1271 1812 InterIm

206 1842 276 1903 vitia
292 1843 345 1902 ista
361 1843 391 1901 in
409 1841 532 1902 Heroid.
552 1842 686 1922 epistulis
701 1843 865 1903 admodum
878 1863 970 1924 pauca
985 1845 1124 1925 reperies,
1142 1858 1171 1905 et
1183 1866 1269 1926 quae,

207 1936 231 1994 si
247 1936 367 2017 quando
381 1934 480 1995 furens
492 1936 658 2017 plenusque
676 1934 733 1995 deo
748 1950 837 2017 poeta
850 1936 995 2011 admittat,
1012 1938 1061 1995 vix
1077 1939 1173 1998 ausim
1190 1958 1271 1998 rese-

207 2048 282 2103 care.
306 2032 357 2089 Est
374 2030 454 2089 enim
475 2029 584 2109 incepti
604 2029 672 2090 satis
689 2029 793 2089 lubrici
806 2030 993 2111 egregiorum
1008 2044 1162 2111 poetarum
1179 2046 1271 2101 artem

206 2122 433 2203 reprehendere,
463 2123 604 2204 quoniam
630 2121 693 2182 fieri
720 2136 818 2203 potest
845 2136 877 2183 ut
904 2144 1007 2203 parum
1039 2124 1270 2205 circumspectus

207 2216 385 2276 existimator
400 2216 520 2275 damnet
534 2235 609 2297 quae
625 2236 687 2275 non
703 2216 864 2297 intellegat.

246 2308 355 2369 Eadem
370 2308 517 2370 iudicandi
537 2309 648 2389 regula,
669 2309 749 2393 quod
767 2311 804 2370 ad
821 2330 884 2370 rem
902 2310 1054 2370 metricam
1070 2310 1183 2385 attinet,
1200 2313 1267 2372 reti·

153 2405 159 2415 *
206 2402 302 2463 nenda
325 2416 369 2463 est
377 2425 385 2478 ;
409 2422 576 2484 quanquam
595 2401 735 2485 pleraque
758 2402 862 2464 Ovidii
886 2403 991 2483 placita
1018 2406 1101 2486 quasi
1130 2407 1269 2465 carminis

206 2496 285 2579 leges
299 2496 469 2576 accipienda
483 2509 551 2556 sunt
568 2519 574 2557 :
597 2496 702 2556 «Nam
716 2510 745 2555 et
759 2496 945 2557 licentiarum
963 2496 1103 2579 pleraque
1120 2498 1223 2560 recidit
1240 2512 1270 2559 et

206 2609 390 2651 caesurarum
404 2603 491 2670 atque
506 2589 664 2649 elisionum
678 2590 792 2671 primus
806 2610 855 2650 eas
870 2590 951 2671 leges
965 2592 1129 2665 constituit,
1148 2612 1221 2673 quas
1235 2606 1268 2652 ut

206 2684 381 2743 necessarias
397 2683 535 2743 universo
555 2682 660 2743 latinae
682 2684 749 2743 artis
769 2704 926 2765 progressu
948 2704 986 2743 ne
1008 2685 1028 2743 ii
1048 2684 1168 2766 quidem
1188 2687 1269 2745 inse-

206 2778 362 2858 quentium
381 2789 635 2858 contempserunt,
657 2776 765 2858 quibus
785 2779 879 2858 magis
899 2777 1027 2858 placeret
1045 2777 1194 2860 Vergilius
1211 2794 1231 2839 ¹.
1253 2804 1268 2835 2>

206 2869 276 2930 Ideo
295 2869 370 2930 nihil
394 2882 453 2929 tarn
473 2869 570 2944 dulce,
588 2884 647 2930 tam
670 2870 705 2930 ad
723 2871 949 2949 permulcendas
971 2890 1055 2930 aures
1071 2886 1189 2953 aptum,
1209 2886 1269 2932 tarn

204 2962 333 3023 fluidum
354 2982 555 3044 canorumque
577 2984 667 3045 quarn
689 2963 831 3025 Ovidiani
852 2985 971 3038 versus3
995 2964 1069 3024 adeo
1088 2966 1190 3025 omnia
1209 2980 1269 3025 arte

206 3058 343 3138 magistra
358 3071 427 3117 sunt
445 3055 561 3116 eIImata
580 3070 608 3116 et
629 3070 767 3139 prompta
784 3058 895 3138 ingenii
913 3058 1049 3119 facultate
1066 3078 1211 3139 expressa.
1227 3062 1269 3120 Ita

205 3150 235 3209 in
251 3150 378 3211 maxima
396 3148 533 3210 facilitate
548 3149 597 3211 illa
611 3163 709 3210 tamen
723 3150 930 3211 elaborationis
946 3172 1014 3211 cura
1033 3152 1225 3231 conspicitur,
1239 3167 1270 3212 et

206 3262 274 3303 cum
294 3241 441 3321 Epistulas
460 3255 572 3301 attento
592 3242 693 3302 animo
715 3242 907 3324 perlegimus,
926 3243 962 3303 de
979 3244 1087 3303 horum
1103 3244 1268 3304 carminum

205 3336 336 3396 numeris
356 3335 484 3396 iudicare
499 3355 659 3415 possumus
674 3335 754 3417 quod
772 3335 809 3395 de
826 3338 977 3397 Fastorum
997 3338 1138 3397 suavitate
1153 3337 1269 3417 scripsit

205 3430 282 3505 Dan,
307 3430 448 3489 Heinsius
471 3430 501 3488 in
522 3428 598 3490 llbro
624 3427 660 3489 de
683 3430 896 3490 constitutione
918 3430 1085 3511 tragoediae
1104 3430 1269 3491 secundum

204 3521 393 3583 Aristotelem
411 3544 417 3581 ε
439 3524 670 3583 «Numerorum
685 3536 784 3583 autern
799 3536 879 3583 tanta
900 3524 930 3582 in
948 3524 1006 3583 hoc
1019 3524 1129 3604 scripto
1147 3525 1266 3604 paritas,

205 3614 376 3697 simplicitas
391 3629 479 3697 atque
499 3615 658 3675 invidenda
675 3616 814 3691 suavitas,
829 3629 873 3691 ut,
890 3616 959 3697 quid
979 3617 1078 3696 magni
1092 3616 1148 3675 viri
1162 3616 1267 3690 velint,

204 3728 274 3768 curn
296 3709 402 3771 mutari
420 3709 563 3791 quosdam
580 3729 667 3789 posse
684 3710 864 3784 existiment,
886 3729 982 3792 neque
1005 3710 1071 3791 ipsi,
1092 3710 1149 3769 nisi
1170 3708 1267 3784 fallor,

205 3822 301 3883 neque
317 3823 371 3863 nos
385 3801 603 3885 intellegamus.
620 3826 635 3859 r>
649 3802 731 3871 Quid
742 3802 848 3884 plura?
861 3804 1023 3884 ingenitam
1038 3802 1119 3863 illam
1132 3803 1162 3861 in
1175 3804 1269 3863 versi-

205 3894 261 3955 bus
273 3894 439 3957 facilitatem
454 3896 516 3976 ipse
532 3895 659 3956 Ovidius
672 3896 833 3957 enucleatis
847 3897 945 3957 verbis
955 3897 1052 3956 innuit
1067 3896 1097 3956 in
1110 3895 1198 3957 Trist.
1215 3897 1266 3972 IV,

238 4071 259 4104 1.
277 4055 304 4103 L.
319 4056 428 4114 Mueller,
442 4056 475 4102 De
487 4057 518 4103 Re
529 4056 607 4117 Mein,
619 4072 642 4119 p.
654 4071 692 4119 91.
