3159 5017
628 532 787 610 ,69-

180 668 330 750 perantius
354 686 424 727 usus
445 680 533 740 esset,
556 667 624 749 quia
645 686 734 747 prava
757 664 790 725 fit
808 667 1005 743 consuetude,
1026 667 1073 726 cui
1094 667 1243 748 impotens

180 774 267 843 poeta
280 780 341 821 non
355 759 539 820 moderatur!

218 854 406 935 Exquisitum
422 855 516 935 magis
528 866 557 912 et
574 852 759 912 reconditum
773 854 803 912 in
817 852 973 913 Ovidianis
984 853 1115 913 distichis
1132 852 1242 934 aliquid

181 948 335 1030 reperitur,
352 947 431 1030 quod
445 960 628 1029 pentameter
642 947 786 1027 expositio
800 960 844 1007 est
855 948 1016 1007 sententiae
1029 946 1059 1007 in
1072 947 1242 1008 hexametro

181 1041 368 1124 praecedenti
383 1039 525 1115 inclusae,
542 1043 565 1115 l,
584 1059 629 1118 13,
649 1059 695 1118 31.

356 1162 426 1215 Inte
440 1159 575 1232 fingebam
590 1158 723 1214 violentos
737 1158 823 1213 Troas
836 1160 934 1226 ituros3

356 1244 476 1300 Nomine
486 1246 513 1298 in
526 1244 659 1298 Hectoreo
672 1243 768 1316 pallida
780 1261 885 1316 semper
898 1261 970 1298 eram
975 1286 1029 1300 .....

357 1330 447 1401 Atque
459 1329 553 1402 aliquIs
572 1329 656 1401 posita
671 1342 801 1383 monstrat
817 1329 871 1383 fera
885 1330 982 1401 praelia
993 1346 1095 1397 mensa,

354 1414 444 1486 Pingit
456 1427 482 1469 et
495 1413 592 1486 exiguo
607 1414 735 1486 Pergama
751 1426 807 1468 tota
820 1430 905 1469 mero.

217 1538 383 1600 Heroidum
406 1538 514 1599 librum
539 1537 606 1600 licet
623 1551 719 1599 toturn
738 1538 868 1614 evolvas,
891 1540 940 1598 vix
959 1540 988 1599 in
1008 1537 1108 1599 locum
1130 1538 1242 1599 incides

182 1653 240 1715 quo
256 1652 372 1693 morem
388 1632 471 1692 illum
484 1632 668 1694 Ouidianum
681 1653 742 1693 non
755 1632 969 1713 deprehendas.
985 1635 1082 1714 Atque
1095 1652 1151 1714 ego
1161 1633 1242 1693 hunc

182 1740 295 1787 tantum
309 1725 391 1786 abest
414 1740 445 1787 ut
458 1727 598 1786 vitiosum
618 1746 681 1786 esse
694 1726 871 1800 existimem,
893 1740 925 1785 ut
944 1740 1046 1787 contra
1060 1724 1241 1787 laudandum

181 1820 296 1901 saepius
315 1818 473 1894 affirmem,
486 1818 597 1879 scilicet
607 1820 746 1901 quotiens
762 1840 823 1880 non
837 1840 917 1880 mera
932 1821 1092 1880 sententiae
1105 1820 1240 1901 repetitio

179 1913 307 1989 effertur,
324 1913 375 1973 sed
390 1911 548 1974 artificioso
562 1914 746 1973 incremento
761 1914 947 1996 progreditur
960 1915 1072 1988 oratio;
1087 1934 1156 1973 cum
1170 1933 1241 1973 vero

180 2027 233 2068 nec
259 2007 378 2088 gravius
407 2026 462 2067 nec
491 2006 640 2066 diversum
664 2026 785 2087 prorsus
813 2008 971 2089 quicquam
999 2008 1029 2067 in
1055 2020 1240 2087 pentametro

179 2100 373 2182 expromitur,
390 2100 470 2161 tarda
488 2113 516 2160 et
532 2098 668 2182 languida
682 2100 791 2162 incedit
806 2101 951 2180 expositio
967 2122 973 2160 :

359 2229 474 2283 Firmius
486 2246 503 2283 o
516 2229 605 2299 cupidi
619 2229 727 2283 tandem
741 2246 868 2283 coeamus
882 2242 1012 2295 amantes,

355 2316 411 2369 Nec
424 2327 529 2368 careant
544 2330 603 2368 vera
615 2315 711 2386 gaudia
724 2327 817 2369 nostra
829 2313 895 2371 fide.

841 2398 914 2460 XIX,
932 2414 976 2468 72.

354 2483 399 2537 Nil
412 2501 462 2555 ego
476 2484 590 2555 peccavi,
604 2484 655 2537 nisi
670 2483 741 2555 quod
756 2484 870 2555 periuria
880 2483 942 2555 legi,

355 2570 438 2640 Inque
453 2586 548 2640 parum
563 2568 650 2622 lausto
662 2569 779 2623 carmine
794 2568 871 2622 docta
885 2567 933 2622 fui.

886 2653 959 2719 XXI,
979 2652 1038 2705 181.

218 2766 444 2846 Nonnunquam
470 2762 559 2823 verba
588 2764 651 2845 ipsa
674 2764 703 2822 in
726 2764 917 2845 quadrantem
941 2763 1077 2823 ordinem
1100 2762 1241 2843 disposita

182 2878 243 2919 esse
257 2872 285 2918 et
300 2858 380 2939 paria
395 2856 513 2939 paribus
526 2856 615 2917 relata
628 2856 718 2930 dicas,
734 2858 819 2931 XIX,
834 2860 872 2918 80
887 2880 894 2918 ε
1247 2864 1258 2889 ·

355 2990 433 3045 Certe
447 3007 498 3062 ego
511 3003 568 3044 tum
580 3002 674 3044 ventos
689 2989 806 3043 audirem
821 2990 890 3045 laeta
903 3004 1037 3054 sonantes,

356 3075 388 3129 Et
400 3093 538 3146 nunquam
554 3074 666 3146 placidas
680 3090 738 3129 esse
753 3091 871 3146 precarer
884 3092 974 3147 aquas.

220 3201 280 3259 lam
309 3220 345 3258 ne
379 3200 588 3259 minutioribus
623 3199 710 3259 rebus
745 3198 854 3259 diutius
890 3200 1096 3273 immoremur,
1123 3196 1241 3257 felicem

180 3292 282 3352 Ovidii
303 3292 436 3352 indolem
458 3294 488 3351 in
509 3292 630 3352 metrica
651 3305 710 3352 arte
729 3293 799 3352 satis
817 3291 968 3351 enucleate
988 3291 1161 3372 explicatam
1178 3309 1241 3349 esse

180 3386 326 3447 existimo.
348 3387 504 3457 Quantum
521 3400 619 3446 autem
637 3386 692 3445 hac
710 3399 793 3466 parte
812 3384 859 3445 ille
872 3385 1010 3460 emineat,
1027 3383 1073 3444 vel
1087 3383 1154 3443 inde
1168 3383 1241 3442 iudi-

179 3480 238 3539 cari
253 3493 350 3561 potest
359 3478 440 3561 quod
453 3480 530 3560 apud
542 3492 677 3560 posteros
690 3499 745 3539 nec
757 3480 873 3539 minore
885 3499 973 3560 quam
987 3476 1132 3559 Vergilius
1143 3490 1241 3536 aucto-

179 3572 262 3633 ritate
275 3571 377 3647 valuit,
393 3592 447 3632 nec
461 3574 615 3654 pauciores
630 3572 675 3632 sui
690 3574 851 3633 Imitatores
866 3570 978 3646 habuit,
995 3572 1159 3630 carminum
1171 3589 1242 3629 vero

181 3664 453 3748 normam,qualem
462 3666 682 3726 hicindisticho
692 3662 1239 3747 statuit,religiosissimeobservarunt.

181 3760 286 3840 Longo
311 3778 380 3818 sane
403 3758 557 3819 intervallo
575 3758 723 3819 antecedit
740 3760 836 3832 Mam,
858 3772 886 3818 et
903 3777 971 3817 cum
988 3758 1107 3816 Nasone
1125 3770 1241 3815 senten·

181 3853 286 3913 tiarum
307 3852 525 3934 affectuumque
544 3854 684 3933 gravitate
703 3851 752 3911 alii
772 3871 892 3933 quoque
911 3850 1064 3932 elegorum
1084 3849 1240 3930 scriptores

182 3959 290 4005 certare
313 3960 454 4027 possunt;
478 3959 606 4006 attamen
629 3947 659 4005 in
682 3945 847 4027 pangendis
872 3945 1021 4025 eleganter
1045 3957 1074 4003 et
1100 3941 1242 4003 subtiliter

181 4039 312 4099 versibus
334 4059 467 4100 summus
486 4039 536 4099 hic
557 4051 600 4099 est
621 4040 651 4098 in
674 4039 796 4099 Heroid.
821 4038 952 4118 epistulis
971 4035 1072 4098 artifex
1092 4050 1120 4097 et
1143 4035 1240 4095 forsan
