3159 5017
637 496 675 507 ..-
697 474 734 539 79
756 494 795 509 .-

184 594 303 655 Numen
325 614 387 655 sese
407 595 538 675 poetriae
560 594 647 655 offert
662 608 690 655 et
710 595 812 654 suadet
830 606 862 654 ut
882 593 1062 653 Leucadium
1082 592 1249 675 scopulum,

184 700 287 769 utpote
312 689 406 748 amori
429 687 611 763 medentem,
636 688 730 763 adeat,
755 688 894 764 157·198.
917 686 963 747 Ad
983 685 1075 747 finem
1095 686 1250 768 epistulam

185 782 265 841 ducit
280 781 412 862 Sapph0,
430 782 583 841 Phaonem
599 780 747 862 precando
761 795 792 840 ut
807 781 891 841 citius
903 780 1002 840 redeat
1014 793 1043 840 et
1058 780 1198 861 impediat
1213 801 1250 840 ne

185 873 285 935 infelix
300 875 462 934 Leucadiae
478 894 570 957 aquae
585 873 644 935 fata
657 888 748 956 petat,
769 893 907 951 199·220.

223 967 355 1048 Longior
386 966 534 1047 prioribus
566 986 634 1027 sane
663 967 736 1027 haec
763 967 863 1027 herois
887 980 930 1026 est
940 990 948 1043 ;
976 965 1027 1027 sed
1056 966 1136 1049 quod
1157 965 1250 1027 fusius

184 1060 326 1141 explicata
347 1074 402 1136 est,
425 1060 510 1120 valde
534 1062 592 1120 hoc
611 1060 744 1121 decuisse
760 1074 880 1142 poetam
900 1060 936 1119 de
954 1060 1068 1141 poetria
1091 1059 1252 1121 clarissima

184 1152 356 1235 loquentem
384 1155 458 1214 mihi
480 1154 606 1230 videtur,
630 1167 658 1214 et
677 1168 756 1214 totus
778 1155 942 1235 argumenti
963 1167 1049 1213 tenor
1068 1154 1251 1215 Ouidianum

184 1266 311 1323 morem,
325 1248 446 1308 virtutes
456 1248 597 1329 vitiaque,
613 1247 710 1307 refert.
725 1248 808 1317 Quin
819 1268 853 1307 ex
868 1248 939 1328 ipsis
954 1247 1092 1329 Sapphus
1103 1249 1249 1329 poematis

184 1342 305 1421 petitam
322 1361 385 1401 esse
398 1342 551 1401 materiam
565 1341 653 1400 huius
666 1340 808 1422 epistulae
823 1340 902 1400 haud
918 1341 1068 1401 immerito
1083 1343 1249 1422 putaveris3

185 1454 253 1494 nam
275 1454 305 1494 se
325 1433 535 1516 inclytissimae
555 1433 633 1494 illius
653 1432 782 1494 feminae
810 1435 941 1495 carmina
960 1447 1151 1515 pertractasse
1172 1436 1252 1495 Naso

184 1525 289 1588 fatetur
302 1526 511 1609 lasciviamque
527 1527 625 1588 laudat
639 1549 646 1587 :

360 1671 404 1725 Me
418 1685 486 1725 certe
499 1670 607 1742 Sappho
623 1670 761 1725 meliorem
775 1670 836 1725 fecit
851 1671 961 1726 amicae.

891 1756 923 1810 R.
939 1755 974 1810 A.
991 1755 1054 1825 761.

359 1839 453 1894 Lesbia
467 1840 530 1911 quid
544 1839 633 1893 docuit
648 1839 765 1911 Sappho,
783 1841 834 1894 nisi
849 1857 938 1895 amare
953 1839 1071 1912 puellas?

359 1924 431 1978 Tuta
444 1938 534 1978 tamen
547 1924 665 1996 Sappho.

627 2009 674 2063 Tr.
691 2009 727 2074 ll,
745 2007 805 2079 365.

359 2093 431 2148 Nota
443 2094 476 2147 sit
487 2106 513 2147 et
529 2093 637 2164 Sappho
652 2093 734 2165 :quid
751 2093 824 2147 enirn
838 2092 958 2147 lascivius
972 2092 1034 2147 illa?

912 2176 947 2233 A.
961 2177 996 2230 A.
1012 2177 1061 2244 111,
1077 2192 1138 2246 331.

224 2310 285 2368 lam
308 2309 331 2368 si
353 2310 528 2369 minutiores
560 2330 605 2370 res
630 2324 659 2370 et
681 2308 802 2391 quidem
824 2329 873 2368 eas
892 2308 1061 2370 firmissima
1080 2325 1252 2392 argumenta

183 2400 356 2482 praebentes
372 2402 588 2483 amplectimur,
611 2404 824 2463 sententiarum
847 2403 1029 2484 singularum
1050 2405 1163 2463 ratione
1186 2425 1251 2486 per-

184 2508 293 2575 specta,
309 2496 458 2558 Ovidiana
471 2517 515 2556 ars
531 2511 559 2557 et
572 2498 725 2577 ingenium
743 2498 772 2555 in
786 2496 923 2578 plurimis
939 2498 1027 2557 huius
1045 2497 1198 2577 epistulae,
1215 2519 1252 2557 nc

184 2588 278 2648 dicam
300 2588 331 2647 in
354 2588 495 2650 omnibus
517 2589 662 2666 versibus,
683 2588 858 2671 praefulget.
882 2592 961 2650 lnter
978 2590 1111 2671 singulos
1129 2589 1211 2650 locos
1224 2604 1253 2651 et

184 2695 278 2741 cetera
296 2682 397 2743 Ovidii
411 2684 541 2743 carmina
553 2684 810 2765 comparationem
824 2684 871 2743 hic
887 2685 1040 2743 instituere
1059 2697 1088 2743 et
1101 2685 1252 2764 cognatio·

184 2794 252 2835 nem
275 2775 476 2836 demonstrare
491 2776 576 2837 facile
591 2790 686 2851 esset3
701 2796 766 2836 eam
781 2791 881 2836 autem
897 2776 1121 2858 diligentissime
1139 2779 1253 2860 peregit

183 2868 397 2928 eruditissimus
406 2872 450 2929 De
458 2871 553 2946 Vries,
566 2871 604 2929 ita
614 2883 645 2929 ut
657 2868 848 2929 manifestum
856 2889 891 2928 ex
900 2871 1225 2930 eiuscommentatione
1242 2886 1249 2911 ¹

184 2959 234 3021 fiat
257 2963 418 3044 unicuique
437 2963 524 3023 huius
549 2964 635 3045 epist.
661 2962 728 3023 loco
756 2962 856 3044 plures
884 2964 1064 3044 respondere
1092 2964 1122 3023 in
1147 2965 1251 3024 ceteris

183 3069 287 3135 poetae
314 3056 428 3137 scriptis
453 3070 670 3117 consentaneos
696 3070 725 3117 et
747 3055 858 3116 similes
880 3076 993 3132 versus,
1017 3071 1046 3117 et
1073 3076 1170 3138 neque
1191 3072 1251 3118 arte

184 3149 314 3223 metrica,
334 3169 430 3231 neque
448 3151 589 3211 orationis
609 3149 721 3226 colore,
746 3169 843 3230 neque
862 3151 1028 3230 argumenti
1043 3148 1250 3230 explanatione

183 3241 335 3323 indignam
362 3243 438 3304 hanc
465 3244 576 3305 Ovidio
600 3264 673 3304 esse.
710 3242 741 3302 Si
764 3263 840 3324 quos
865 3245 983 3324 gravius
1017 3241 1142 3323 offendit
1167 3242 1250 3304 elisio

184 3333 311 3415 syllabae
326 3337 356 3396 in
369 3356 396 3396 m
413 3337 573 3398 desinentis
591 3338 621 3395 in
639 3335 727 3396 altera
742 3338 919 3417 pentametri
932 3350 1026 3418 parte,
1043 3337 1112 3418 quia
1127 3337 1251 3416 apoetis

183 3426 279 3489 latinis
294 3428 469 3513 plerumque
484 3431 599 3505 evitata,
617 3427 653 3489 ab
668 3430 779 3491 Ovidio
795 3443 807 3469 ²
829 3450 982 3511 nunquam
997 3431 1032 3489 sit
1045 3427 1175 3489 adhibita
1196 3430 1251 3488 nisi

183 3522 248 3597 XV,
264 3543 293 3583 v.
311 3524 360 3600 96,

215 3738 236 3771 1.
255 3723 281 3771 P.
298 3722 394 3783 36-118.
407 3722 752 3786 SapphusEpist.adPhuonam,
763 3729 873 3785 apparatu
885 3725 959 3770 critico
974 3725 1090 3780 instructa,
1105 3735 1149 3770 etc.
1168 3736 1210 3784 155
1226 3739 1248 3787 p.

183 3797 292 3861 Lugduni
310 3800 458 3854 Batavorum,
483 3800 549 3859 1885.
568 3798 606 3847 Cf.
632 3799 731 3855 Luniak‚
753 3800 893 3857 Quaestiones
914 3800 1042 3861 Sapphicae,
1063 3799 1165 3857 Kasani,
1180 3800 1248 3856 1888,

183 3873 467 4013 ν’πῆὃὲἓςὲςώεηδυις,
482 3950 550 3997 Matr.
566 3951 632 4009 Uul„
644 3958 677 4013 op.
693 3951 741 4008 cit„
755 3966 778 4014 p.
789 3963 827 4011 15.
