3159 5017
176 618 381 683 recentiorum
390 616 533 699 effigiem,
546 616 595 677 sed
604 618 639 677 ad
647 618 819 700 gravitatem
829 632 859 678 et
868 614 1085 700 simplicitatem
1096 618 1248 681 Homerici

175 712 245 773 aevi
261 710 448 772 adumbratas
459 734 467 787 ;
483 725 609 771 attamen
623 711 696 772 adeo
709 712 858 793 variegata
869 725 914 772 est
928 712 986 772 illis
999 712 1088 774 facies
1098 727 1130 773 ut
1142 733 1247 774 omnes

181 805 241 865 fere
256 804 422 886 puellarum
445 806 608 865 amantium
625 806 737 886 species
753 818 820 865 ante
833 806 938 866 oculos
952 820 1071 867 nostros
1085 802 1246 883 transeant,

176 918 277 980 neque
290 899 449 981 quicquam
462 896 651 958 artificiosius
664 911 692 957 et
706 898 826 959 uberius
840 898 997 959 desideres.

218 990 354 1051 Amabile
369 1011 439 1051 sane
460 991 644 1053 Ouidianum
661 1010 777 1071 semper
792 1004 837 1051 est
849 992 1003 1072 ingenium
1015 1006 1044 1052 et
1057 993 1172 1052 eximiis
1185 994 1247 1053 vir·

177 1084 290 1145 tutibus
302 1085 480 1165 praeditum,
495 1086 526 1143 in
543 1085 601 1145 hoc
613 1097 727 1145 tantum
742 1085 886 1144 vitiosum
900 1084 981 1167 quod
995 1085 1087 1145 frenis
1100 1088 1246 1147 coercerci

176 1180 283 1239 nescit.
306 1179 460 1250 Quoniam
482 1178 564 1237 enim
588 1198 692 1259 parum
711 1192 879 1259 temperans
901 1192 962 1238 erat
983 1192 1081 1259 poeta,
1106 1180 1192 1260 copia
1218 1194 1248 1241 et

175 1272 317 1332 facilitate
340 1270 478 1355 abreptus
501 1269 681 1346 excurrebat,
709 1290 806 1352 neque
831 1272 862 1331 in
884 1270 962 1331 clivo
987 1272 1106 1331 retineri
1132 1287 1248 1352 poterat

177 1386 237 1447 quo
251 1386 267 1424 a
281 1366 368 1425 rectis
381 1364 417 1423 ad
430 1384 520 1445 prava
532 1363 706 1424 deflectitur.
724 1364 899 1445 Carpendus
911 1377 955 1423 est
973 1364 1060 1445 igitur
1070 1366 1151 1424 Naso
1164 1366 1245 1447 quod

174 1459 312 1519 heroicae
335 1460 406 1518 istae
425 1458 554 1518 feminae
577 1457 651 1517 adeo
672 1457 709 1517 ab
728 1458 849 1538 antiqua
867 1458 1009 1538 gravitate
1026 1457 1192 1534 discedunt,
1211 1472 1245 1519 ut

175 1565 278 1612 contra
293 1551 462 1611 lasciviores
477 1562 506 1610 et
518 1549 678 1631 voluptatis
693 1549 862 1630 cupidiores
873 1570 903 1610 se
916 1564 1075 1631 praestent.
1091 1553 1242 1611 Praeterea

175 1644 281 1705 litteris
297 1644 396 1705 nimiis
410 1642 540 1704 imbutae
554 1656 632 1717 sunt,
647 1644 758 1724 quippe
771 1663 846 1723 quae
859 1656 952 1703 totam
964 1642 1099 1703 fictarum
1115 1657 1244 1705 vetusta·

175 1758 301 1821 rumque
317 1757 416 1797 rerum
427 1737 593 1797 doctrinam
604 1737 788 1817 congessisse
799 1737 953 1796 videantur
963 1750 1050 1818 atque
1062 1738 1092 1795 in
1103 1737 1245 1818 epistulas

175 1832 291 1891 incaute
300 1829 454 1891 effundant
463 1853 471 1905 ;
481 1830 614 1911 garrulae
625 1831 712 1889 etiam
725 1830 875 1910 nimiaque
886 1828 1062 1909 loquacitate
1075 1829 1243 1892 effutientes

175 1937 204 1983 et
232 1943 314 2003 quas,
347 1924 556 1983 controversiis
586 1936 616 1982 et
641 1923 778 1983 suasoriis
805 1923 990 1996 exercitatas,
1021 1942 1056 1981 ex
1088 1924 1241 1985 rhetorum

175 2015 355 2076 umbraculis
383 2015 516 2076 alacriter
537 2016 662 2075 evasisse
691 2015 768 2075 dicas
788 2028 821 2075 ut
842 2015 919 2074 vires
949 2035 1015 2075 suas
1038 2030 1068 2075 et
1095 2017 1245 2078 recondita

174 2108 297 2169 artificia
313 2110 523 2191 experirentur.

214 2206 286 2265 Non
309 2204 399 2283 igitur
418 2205 527 2262 mirum
548 2216 591 2262 est
611 2204 641 2261 in
656 2201 798 2283 Epistulis
816 2202 855 2260 ita
871 2200 1032 2281 procedere
1050 2202 1195 2262 Ovidium
1212 2217 1244 2264 ut

174 2298 243 2357 vitia
264 2297 344 2356 radat
356 2315 411 2356 nec
429 2316 494 2355 raro
507 2296 538 2354 in
557 2295 695 2376 scopulos
712 2294 900 2374 impellatur;
917 2295 984 2355 ideo
1000 2308 1029 2354 et
1044 2295 1106 2355 vim
1126 2296 1156 2355 in
1175 2316 1241 2356 sen·

173 2391 273 2451 tentiis
286 2404 315 2450 et
325 2388 498 2471 gravitatem
514 2388 544 2447 in
560 2386 776 2447 narrationibus
792 2407 825 2446 ac
841 2387 1089 2469 descriptionibus
1102 2408 1242 2449 nonnun-

172 2504 262 2566 quam
278 2482 445 2557 desideres;
460 2495 489 2541 et
501 2482 609 2562 pariter
626 2483 656 2540 in
670 2482 804 2541 oratione
820 2482 1010 2561 repetitiones
1023 2481 1163 2564 lususque
1173 2502 1238 2542 ver·

173 2576 281 2637 borum
304 2589 355 2636 aut
376 2575 645 2655 contrapositorum
668 2588 755 2654 atque
777 2574 986 2654 quadratorum
1009 2575 1145 2635 acumina
1164 2577 1240 2655 puti-

173 2671 304 2751 dumque
317 2667 453 2749 leporem
467 2687 599 2728 resecare
614 2668 730 2748 saepius
743 2666 827 2727 velis.
846 2667 928 2737 Quid
941 2670 1027 2727 tum?
1046 2669 1157 2728 Omnia
1173 2669 1236 2742 ista,

172 2762 304 2823 maculae
327 2763 484 2843 naevique,
515 2761 563 2819 vix
589 2775 660 2820 tunc
692 2762 885 2841 aspiciuntur,
915 2780 983 2820 cum
1005 2773 1117 2820 attento
1138 2757 1239 2823 animo

172 2856 327 2937 oculisque
348 2853 477 2936 singulas
500 2855 663 2913 carminum
686 2866 781 2933 partes
802 2854 964 2927 rimamur3
991 2855 1105 2914 namsi
1128 2857 1240 2915 morosi

173 2948 356 3027 grammatici
376 2947 507 3007 studium
526 2946 770 3028 voluntatemque
794 2947 824 3005 in
846 2946 978 3027 legendis
1000 2949 1072 3007 Her.
1097 2948 1237 3028 Epistulis

175 3040 309 3116 dimittis,
340 3054 386 3100 tot
415 3040 562 3122 tantisque
596 3038 715 3099 dicendi
748 3039 905 3100 virtutibus
935 3053 965 3100 et
994 3041 1093 3100 omnis
1123 3043 1239 3121 generis

174 3134 358 3211 praestantiis
371 3134 442 3193 vitia
454 3132 657 3207 involvuntur,
671 3146 704 3192 ut
718 3153 811 3214 prope
825 3132 878 3192 tibi
889 3147 1066 3193 evanescant
1077 3133 1237 3195 etflumine

174 3224 317 3285 orationis
345 3224 533 3305 abripiantur,
569 3226 642 3285 adeo
674 3225 847 3307 splendidus
880 3239 923 3285 est
951 3227 1116 3287 carminum
1141 3227 1235 3303 color,

173 3316 301 3377 illustres
327 3317 542 3393 translationes,
571 3318 779 3379 similitudines
807 3332 835 3378 et
864 3318 1009 3401 exempla,
1038 3334 1125 3402 atque
1144 3320 1237 3380 effusa

171 3410 333 3492 aequaliter
345 3411 517 3473 suavissima
529 3426 558 3472 et
572 3410 731 3471 laetissima
741 3410 802 3488 lux,
814 3412 893 3473 unde
906 3411 1030 3474 efficitur
1040 3426 1072 3472 ut
1084 3433 1130 3473 res
1143 3434 1237 3496 prope

170 3504 265 3565 oculis
297 3503 487 3565 subiciantur.
520 3508 672 3566 Praeterea
706 3504 830 3565 fluidam
868 3525 1032 3588 puramque
1068 3508 1236 3567 orationem

170 3600 322 3673 miramur,
338 3618 413 3679 quae
428 3618 575 3679 nusquam
589 3599 781 3675 adhaerescit,
801 3600 842 3658 ita
859 3613 891 3659 ut
907 3598 1047 3681 liquidius
1059 3598 1232 3683 faciliusque

170 3694 245 3755 nihil
257 3696 460 3778 requiramus3
476 3716 550 3777 quae
568 3710 667 3755 tamen
683 3697 847 3770 interdum,
864 3697 888 3755 si
908 3716 953 3756 res
967 3712 1235 3779 argumentumque

170 3789 255 3869 petit,
270 3806 408 3849 unacum
423 3789 576 3848 sententiis
586 3787 797 3872 affectibusque
809 3791 957 3850 incitatior
967 3790 1070 3866 fertur,
1084 3793 1237 3872 raucisque

169 3882 259 3941 etiam
273 3880 412 3941 fluctibus
424 3882 558 3963 assurgit,
576 3897 605 3942 et
619 3883 763 3963 tragicum
783 3884 885 3943 nescio
900 3882 971 3966 quid
985 3897 1080 3943 sonat.
1100 3886 1237 3966 Denique

171 3993 269 4033 sermo
286 3974 429 4049 sincerus,
446 3973 612 4035 luculentus
629 3989 657 4036 et
669 3974 748 4035 idem
763 3977 861 4057 gravis
875 3990 930 4053 est,
942 3978 1118 4059 numerique
1132 3991 1237 4058 poetae

237 4135 302 4175 Prrnr.
314 4156 339 4164 —
349 4132 418 4172 Ovidii
427 4134 481 4188 epist.
493 4132 540 4174 Her.
1137 4150 1148 4189 7
