3159 5017
777 515 934 574 „72-

326 634 525 715 Epistularum
546 646 614 714 post
628 634 752 715 Augusti
771 647 801 694 et
819 633 929 694 Tiberii
952 648 1087 715 tempora
1102 636 1251 716 scriptam,
1265 645 1309 718 op.
1327 635 1387 711 cia,

325 748 355 808 p.
373 728 422 799 48.

365 820 542 901 Nuperrime
565 839 636 879 vero
663 819 803 880 fervidius
829 822 934 880 exarsit
959 822 1035 881 circa
1059 821 1221 881 Ovidianas
1244 823 1389 883 Heroides

326 928 486 988 certamen,
509 927 537 973 et
557 913 684 973 diversas
706 916 735 973 in
756 929 852 995 partes
872 915 995 995 scriptae
1016 916 1285 995 suntgravissimae
1307 936 1388 976 corn·

326 1009 533 1069 mentationes.
548 1008 625 1067 Nam
638 1009 661 1066 si
675 1009 846 1068 Lachmann
861 1028 896 1067 ex
910 1006 1059 1089 prioribus
1073 1007 1176 1068 litteris
1188 1028 1238 1068 sex
1251 1010 1387 1085 detrahit,

294 1154 296 1160 .
326 1101 438 1163 Ovidio
458 1114 575 1182 praesto
588 1115 655 1161 sunt
667 1101 766 1182 plures
781 1102 916 1162 advocati
932 1103 1022 1161 etiam
1034 1102 1111 1161 inter
1123 1122 1175 1162 eos
1192 1104 1243 1184 qui
1259 1123 1308 1163 sex
1320 1123 1388 1184 pos·
1437 1136 1441 1140 ·

325 1210 433 1256 tremas
447 1195 529 1277 quasi
545 1195 658 1275 spurias
675 1194 823 1271 abiciunt3
841 1196 996 1277 proposito
1015 1215 1082 1255 meo
1096 1197 1164 1256 satis
1183 1196 1270 1256 luerit
1284 1196 1389 1257 referre

327 1290 502 1350 sententiam
516 1289 607 1363 Birtii,
620 1296 663 1369 op.
677 1288 737 1364 cit,
753 1311 782 1370 p.
804 1292 876 1368 389:
894 1314 907 1343 r
919 1289 954 1348 de
968 1290 1053 1370 epist.
1071 1308 1098 1366 3,
1116 1292 1145 1363 8,
1160 1309 1189 1367 9,
1209 1309 1256 1364 12,
1274 1310 1322 1368 13,
1341 1311 1387 1365 14,

326 1384 439 1443 acutius
452 1402 541 1463 quarn
553 1383 651 1443 verius
661 1384 754 1463 egisse
767 1383 990 1442 Lachmannum
1004 1402 1065 1441 non
1078 1381 1198 1443 latuit...
1211 1398 1391 1465 apparetque

327 1496 362 1536 ex
377 1478 411 1534 iis
424 1495 498 1558 quae
509 1477 688 1535 novissimus
699 1476 937 1557 Eschenburgius
947 1477 1116 1556 composuit
1128 1491 1135 1517 ¹
1153 1477 1390 1536 Lachmanniana

327 1583 499 1650 argumenta
518 1570 679 1642 excutiens,
700 1568 832 1643 firmans,
854 1570 1014 1650 amplians,
1035 1589 1157 1630 vacuam
1177 1590 1192 1629 a
1214 1572 1286 1631 vitio
1307 1573 1391 1637 omni

327 1664 441 1723 tertiam
457 1662 602 1723 decimam
619 1682 694 1737 esse,
708 1682 832 1723 vacuam
844 1677 873 1723 et
887 1664 1014 1738 tertiam,
1028 1665 1132 1744 exigua
1146 1677 1262 1724 tantum
1279 1664 1391 1745 culpari

327 1776 414 1838 posse
442 1758 471 1814 in
497 1756 675 1831 Hermiona,
704 1757 856 1831 Deianira,
889 1756 1010 1831 Medea,
1035 1759 1169 1838 graviora
1190 1757 1340 1839 aliquanto
1360 1759 1390 1817 in

328 1853 570 1931 Hypermnestra.
601 1874 616 1905 »
644 1852 680 1909 Et
708 1870 804 1931 nuper
828 1849 943 1910 laudata
970 1852 1221 1910 commentatione
1250 1872 1300 1910 sex
1327 1851 1391 1911 illas

326 1945 483 2024 praecipue
509 1941 648 2024 epistulas
675 1943 811 2004 discussit
843 1944 947 2004 doctus
978 1945 1024 2003 vir
1057 1943 1207 2004 Tolkiehn
1239 1947 1297 2026 (op.
1325 1944 1391 2024 cit.)

327 2051 356 2097 et
379 2056 475 2118 neque
506 2038 697 2117 argumentis,
731 2057 827 2118 neque
852 2039 997 2112 oratione,
1028 2056 1125 2118 neque
1149 2040 1278 2099 metricis
1304 2037 1390 2098 rebus

327 2131 457 2211 dispares
470 2131 574 2189 ceteris
589 2130 744 2191 Ovidianis
757 2150 821 2189 esse
833 2132 940 2189 statuit.
954 2131 1036 2201 Quid
1045 2132 1135 2211 igitur
1144 2131 1180 2191 de
1190 2131 1391 2192 infensissimo

328 2224 450 2283 Lehrsio
477 2242 579 2283 censes
603 2224 653 2303 qui
684 2223 802 2303 (Avers.
830 2222 903 2282 iiber
928 2224 983 2281 Die
1007 2243 1071 2303 sog.
1098 2233 1141 2305 op.
1164 2224 1229 2304 cit.)
1254 2225 1391 2285 heroides

328 2336 444 2391 omnes,
470 2318 539 2397 quia
568 2330 666 2376 essent
690 2318 866 2397 ineptiarum
890 2315 1089 2397 plenissimae,
1119 2319 1230 2378 Ovidio
1256 2319 1391 2398 indignas

328 2418 394 2469 esse
407 2411 629 2491 pronuntiavit?
648 2411 757 2469 Mirum
777 2430 845 2469 sane
858 2409 1004 2470 videbitur
1017 2424 1078 2470 tarn
1096 2412 1244 2471 eruditum
1262 2412 1390 2491 philolo·

328 2524 399 2583 gum
417 2505 540 2563 minime
559 2502 714 2563 odoratum
737 2523 800 2562 esse
817 2517 961 2584 quantum
976 2504 1031 2563 hae
1049 2503 1190 2585 epistulae
1208 2505 1391 2566 Ovidianutn

330 2599 431 2658 nescio
446 2597 517 2679 quid
529 2596 690 2656 redoleant.

369 2692 508 2751 Ceterum
526 2704 622 2751 tantae
635 2692 813 2749 auctoritatis
827 2691 993 2750 adversario
1010 2711 1111 2771 parem
1124 2705 1282 2772 patronum
1295 2712 1390 2773 oppo-

328 2803 398 2843 nere
417 2786 513 2866 possis
527 2787 576 2843 W.
593 2783 790 2863 Zingerleium
806 2797 829 2857 ²,
846 2785 897 2865 qui
914 2783 1055 2843 omnibus
1074 2784 1206 2845 collectis
1225 2784 1309 2860 locis,
1327 2788 1390 2868 qui·

328 2877 381 2936 bus
397 2878 427 2935 in
443 2879 546 2938 ceteris
561 2876 662 2939 Ovidii
675 2877 854 2937 carminibus
870 2876 981 2936 similes
996 2879 1179 2958 reperiantur
1194 2876 1264 2953 loci,
1285 2899 1390 2939 omnes

328 2971 472 3031 Heroides
485 2972 629 3051 genuinas
644 2990 706 3029 esse
719 2984 812 3051 putat.
830 2973 905 3031 Sunt
920 2972 1008 3030 etiam
1019 2972 1079 3051 qui.
1096 2972 1277 3031 lachmanni
1290 2987 1390 3033 aucto-

327 3066 442 3124 ritatem
457 3066 586 3145 primum
602 3066 704 3137 secuti,
719 3064 825 3124 deinde
840 3077 950 3123 mutata
962 3064 1113 3123 voluntate
1128 3065 1164 3124 ab
1179 3064 1292 3124 diversa
1309 3080 1390 3146 parte

328 3160 476 3231 steterint;
500 3157 595 3239 qualis
612 3156 816 3237 Eschenburg,
833 3158 976 3237 opinione
997 3158 1194 3237 praeiudicata
1211 3178 1272 3218 rem
1290 3161 1393 3219 metri-

327 3272 391 3311 cam
405 3252 440 3311 de
454 3252 577 3311 Heroid.
596 3250 728 3332 epistulis
747 3271 912 3331 aggressus,
931 3253 1078 3330 posterius
1090 3254 1254 3312 examinata
1267 3252 1389 3333 diligen-

327 3346 384 3405 tius
403 3345 551 3405 Ovidiana
566 3344 706 3425 loquendi
724 3346 848 3419 ratione,
867 3364 884 3402 a
901 3345 999 3424 priore
1017 3347 1162 3405 sententia
1181 3366 1211 3405 se
1233 3346 1390 3406 descivisse

328 3437 494 3505 declaravit,
525 3450 554 3497 et
579 3439 636 3497 iarn
663 3458 767 3497 omnes
797 3438 953 3512 Heroides,
980 3452 1095 3518 praeter
1120 3440 1256 3519 Sapphus
1289 3441 1388 3520 epist,

328 3530 440 3590 Ovidio
466 3530 634 3591 tribuendas
665 3550 728 3589 esse
762 3532 860 3591 statuit
876 3542 898 3591 ³.
928 3531 1010 3591 Nihil
1036 3532 1124 3611 igitur
1156 3533 1250 3612 egisse
1276 3533 1389 3593 videtur
1484 3533 1487 3537 “

327 3624 375 3684 Al.
390 3623 498 3705 Bilger,
517 3625 567 3705 qui
585 3626 669 3705 epist.
692 3626 761 3684 XVI
777 3638 806 3683 et
822 3625 905 3684 XVll
928 3625 1113 3705 impugnavit
1130 3639 1158 3685 et
1178 3626 1312 3705 indignas
1328 3645 1390 3685 esse

360 3812 381 3845 1.
400 3798 479 3854 Esch.,
493 3798 607 3844 Metrische
619 3798 814 3859 Untersuchrmgen
827 3798 879 3843 iiber
887 3798 923 3844 die
935 3798 1038 3844 Echtheit
1054 3798 1093 3843 der
1108 3799 1164 3846 Her.
1181 3798 1217 3844 des
1229 3799 1297 3846 Ouid.
1311 3814 1388 3861 progr.

328 3873 430 3920 Liibeclr.
447 3874 514 3934 1874.

361 3964 382 3995 2.
401 3950 441 3995 W.
454 3950 488 4003 Ζ.,
510 3949 705 4010 Untersuchangen
717 3966 758 4007 zur
771 3950 948 4010 Echtheilsfrage
958 3949 997 3994 der
1009 3950 1065 3996 Her.
1082 3950 1159 4005 Ouids,
1174 3950 1256 4013 OEnip.
1270 3951 1338 4012 1878.

361 4040 381 4083 3.
400 4025 426 4069 In
440 4039 516 4087 progr.
531 4024 633 4072 Lubeck.
652 4024 717 4085 1886,
736 4026 781 4071 Wie
793 4027 831 4070 hot
844 4025 904 4069 Ouid
914 4026 1009 4082 einrelne
1022 4026 1114 4082 Worter,
1128 4036 1183 4083 etc.‚
1196 4034 1229 4087 op.
1241 4028 1279 4073 cil.
