3159 5017
776 466 934 543 ..76-

323 619 426 683 aquae,
444 620 499 660 nec
513 600 557 661 lac
574 600 640 660 lacti
658 599 782 660 similius
800 601 904 675 videri,
921 620 1010 682 quam
1029 601 1101 661 haec
1123 602 1252 660 carmina
1266 600 1386 682 reliquis

323 695 424 755 Ovidii
447 696 592 775 poematis
615 708 644 754 et
668 694 814 775 imprimis
837 694 983 775 prioribus
1007 694 1063 755 illis
1082 693 1226 775 epistulis.
1246 717 1262 750 >s
1281 695 1386 775 Neque

321 787 404 848 aliter
422 788 457 847 de
476 788 532 847 hac
550 788 722 869 quaestione
737 789 826 849 sentit
838 788 1024 849 doctissimus
1041 789 1131 847 Loers
1148 789 1198 869 qui
1214 788 1386 847 diuturnum

321 882 451 942 studium
471 883 502 941 in
519 882 571 941 has
587 882 732 942 Heroides
748 882 873 942 contulit
889 896 918 942 et
937 902 1043 942 omnes
1067 895 1167 942 censet
1183 901 1199 941 e
1217 881 1386 942 dulcissima

322 975 424 1035 Ovidii
436 995 512 1034 vena
525 974 644 1034 fluxisse
660 990 679 1033 ¹.
698 976 815 1057 Nempe
832 978 862 1035 in
879 975 1059 1036 aestimanda
1078 989 1233 1056 poetarum
1251 976 1385 1035 oratione

322 1070 569 1151 circumspectum
597 1067 799 1145 adhibendum
831 1083 875 1129 est
911 1069 1064 1139 iudicium,
1094 1088 1149 1129 nec
1172 1067 1310 1129 voculam
1337 1082 1386 1128 aut

321 1164 442 1244 phrasin
456 1183 549 1223 raram
562 1163 709 1244 etiamque
721 1162 787 1233 ἅπαξ
796 1166 947 1243 εἰρημένην
960 1164 1056 1223 statim
1069 1162 1207 1222 damnare
1216 1163 1294 1223 licet.
1308 1163 1386 1221 Nam

322 1258 344 1315 si
360 1258 435 1316 haec
454 1255 575 1317 facultas
593 1255 879 1316 commentatoribus
891 1257 1080 1332 concedatur,
1096 1258 1196 1317 nescio
1210 1277 1247 1315 an
1259 1255 1385 1338 plurima

321 1351 453 1410 carmina
472 1364 583 1410 temere
597 1350 721 1410 delenda
734 1363 762 1410 et
778 1348 931 1411 abicienda
948 1352 1018 1411 sint.
1038 1351 1113 1411 Vide
1128 1350 1200 1432 quid
1215 1350 1250 1410 de
1273 1363 1385 1410 nostra·

320 1444 357 1504 tis
374 1444 486 1505 Racinii
502 1456 551 1502 aut
562 1442 708 1503 Paschalis
719 1444 806 1503 etiam
822 1444 955 1504 oratione
966 1446 1082 1525 saepius
1093 1444 1222 1504 recidere
1233 1457 1262 1503 et
1272 1456 1386 1502 mutare

319 1536 483 1598 voluissent
495 1537 694 1617 grammatici,
715 1537 771 1595 nisi
784 1536 935 1598 codicibus
950 1537 1072 1597 cohibiti
1087 1537 1229 1612 fuissent3
1246 1556 1385 1596 nonnun-

322 1650 411 1712 quam
436 1632 516 1689 enim
541 1630 646 1690 eruditi
669 1631 735 1703 viri,
758 1631 886 1691 strictam
911 1632 1055 1691 sermonis
1077 1630 1173 1712 legem
1197 1630 1387 1691 observantes

322 1722 487 1806 furorisque
500 1724 608 1805 poetici
619 1722 715 1797 obliti,
726 1724 895 1783 audaciores
906 1745 996 1785 voces
1004 1739 1032 1785 et
1040 1724 1251 1807 praefulgentia
1261 1724 1385 1797 lumina,

322 1819 403 1899 quasi
418 1818 533 1893 vitiosa,
548 1816 705 1876 emendare
723 1818 889 1897 cupierunt.

364 1912 397 1969 ln
411 1911 470 1971 hoc
482 1911 690 1991 quaestionum
704 1930 813 1991 genere
827 1931 886 1970 una
901 1910 979 1973 salus
991 1926 1046 1985 est,
1068 1913 1091 1970 si
1109 1926 1243 1972 veterum
1260 1914 1385 1973 auctori·

323 2018 413 2065 tatem
428 2018 457 2063 et
473 2004 608 2064 codicum
627 2005 796 2064 testimonia
811 2002 997 2087 amplecteris
1012 2020 1041 2065 et
1056 2019 1156 2080 tenes3
1176 2026 1251 2086 quae
1266 2007 1387 2087 quidem

323 2118 428 2158 eorum
452 2099 613 2158 sententiae
637 2111 803 2179 repugnant
828 2100 879 2179 qui
907 2097 1104 2179 Epistularum
1135 2112 1248 2178 partem
1273 2100 1387 2158 Nasoni

324 2192 477 2251 detrahere
492 2205 646 2251 conantur.
668 2192 746 2251 Cum
763 2191 845 2251 enim
863 2192 976 2273 antiqui
991 2212 1095 2252 omnes
1114 2193 1296 2274 grammatici
1313 2191 1387 2252 nihil

324 2284 447 2345 dubium
460 2284 582 2345 fecerint
594 2286 666 2365 quin
678 2297 739 2345 tota
754 2285 843 2345 series
857 2284 1006 2345 Ovidiana
1019 2298 1105 2360 esset,
1122 2305 1218 2367 neque
1233 2284 1326 2344 ullum
1339 2285 1387 2346 vel

324 2378 482 2437 minimum
508 2377 650 2438 indicium
675 2376 710 2436 de
738 2378 839 2436 nescio
865 2398 926 2459 quo
959 2376 1017 2436 alio
1048 2391 1167 2437 auctore
1200 2392 1388 2459 compertum

324 2470 495 2546 habeamus,
519 2472 717 2531 recentiorum
734 2471 769 2530 de
788 2471 843 2529 hac
861 2490 891 2531 re
909 2473 1179 2551 argumentationes
1200 2491 1236 2530 ex
1253 2470 1388 2531 fecundis

324 2564 472 2625 mentibus
486 2578 600 2624 exortas
617 2584 680 2623 esse
693 2577 722 2623 et
736 2564 859 2624 minime
874 2563 964 2624 fidem
977 2563 1072 2624 facere
1088 2564 1315 2625 existimandum
1332 2579 1386 2625 est.

325 2662 480 2744 Quidquid
495 2663 583 2743 igitur
600 2664 653 2737 aJ.
675 2663 709 2722 C.
728 2661 877 2742 Scaligero
895 2682 988 2744 usque
1008 2662 1044 2721 ad
1063 2663 1278 2722 atrocissimum
1299 2662 1388 2721 Lehr·

325 2757 401 2815 sium
419 2757 454 2816 de
470 2756 576 2836 spuriis
596 2754 774 2815 Heroidibus
789 2756 970 2838 disputatum
989 2770 1043 2831 est,
1063 2757 1174 2816 incerto
1194 2756 1388 2816 fundamento

325 2850 399 2908 mihi
413 2849 530 2908 videtur
544 2868 607 2907 esse
622 2847 792 2908 stabilitum.
809 2850 877 2909 Una
892 2850 928 2908 sit
941 2848 1071 2929 legitima
1084 2848 1119 2909 de
1132 2850 1237 2909 harum
1251 2848 1387 2929 epistula·

325 2962 391 3001 rum
406 2940 463 3001 fide
479 2941 647 3021 ambigendi
667 2961 764 3016 causa,
781 2940 918 3003 videlicet
938 2943 962 3000 si
981 2963 1042 3001 non
1060 2944 1275 3002 asseveratione
1296 2944 1387 3016 inani,

325 3036 376 3095 sed
391 3036 571 3115 argumentis
586 3048 614 3093 et
629 3033 716 3094 rebus
730 3036 849 3115 penitus
864 3037 1004 3117 inspectis
1019 3034 1130 3095 nullam
1143 3035 1203 3095 fere
1219 3037 1388 3117 posteriori·

325 3128 379 3189 bus
392 3128 571 3188 Heroidibus
586 3148 653 3189 cum
673 3128 821 3209 prioribus
836 3129 1059 3189 similitudinem
1080 3149 1143 3189 esse
1158 3128 1387 3211 comprobetur;

324 3221 456 3301 alioquin
469 3240 525 3301 ego
543 3222 656 3280 diversa
671 3234 762 3297 actu,
780 3222 803 3281 si
819 3221 947 3297 libuerit,
967 3241 1131 3282 asseverare
1151 3236 1256 3303 potero
1276 3236 1305 3283 et
1324 3242 1389 3282 mea

323 3316 387 3373 vice
401 3313 563 3373 simillimas
578 3334 626 3373 eas
642 3334 705 3375 esse
718 3334 823 3375 omnes
839 3316 1019 3375 contendere
1036 3337 1042 3374 :

765 3439 843 3493 facies
855 3458 911 3495 non
921 3442 1047 3498 omnibus
1062 3457 1126 3506 una,

517 3524 573 3579 Nec
587 3525 689 3578 diversa
698 3537 798 3591 tamen,
814 3525 920 3597 qualem
933 3526 1007 3579 decet
1021 3542 1078 3579 esse
1091 3542 1214 3580 sororum
1227 3537 1246 3578 ².

363 3648 509 3729 Equidem
535 3648 639 3725 fateor,
670 3650 723 3709 etsi
758 3650 900 3731 quasdam
935 3650 1040 3710 harum
1071 3650 1263 3731 epistularum
1294 3663 1390 3731 partes

325 3741 487 3821 asperiores
509 3754 537 3801 et
553 3740 646 3800 fluxas
662 3742 815 3802 arbitratus
835 3764 912 3818 sum,
935 3764 1087 3825 nunquam
1107 3744 1213 3804 dubius
1233 3744 1299 3804 steti
1318 3745 1390 3826 quin

358 3922 379 3953 1.
398 3906 467 3951 Loers
477 3907 502 3951 in
515 3906 571 3953 edit.
585 3907 640 3954 Her.
656 3908 762 3955 Prooem.
778 3908 806 3955 C.
822 3909 862 3955 Ill.

357 3996 379 4028 2.
399 3981 481 4036 ond„
495 3982 598 4037 Metam„
613 3983 642 4038 Il,
660 3998 695 4041 13.
