3159 5017
547 840 584 847 ”
667 955 670 959 .
761 858 1009 958 cnrutr'
1111 838 1184 863 ⁹

314 1052 316 1055 ’
371 1050 455 1147 sobo
475 1084 613 1143 rannone
634 1049 759 1154 orimus
780 1051 1291 1148 unno1uuunrj1srums'emneu1t,
1330 1052 1332 1057 ’

707 1192 744 1237 ur
765 1194 829 1267 Quo
850 1182 982 1244 uontun.⁴

326 1404 332 1505 ἶ
350 1404 500 1501 Epistula-'e
515 1414 682 1479 Heroidum
701 1417 917 1503 incarminum
937 1434 1066 1479 numero
1078 1430 1279 1501 reponuntur,
1297 1418 1373 1500 quae

238 1588 240 1591 .
311 1510 453 1572 iuvenilia
468 1510 571 1573 Ovidii
585 1510 734 1587 dicuntur,
754 1511 823 1595 quia
835 1532 941 1573 eorum
958 1511 1099 1595 pleraque
1113 1525 1321 1593 argumentum
1335 1509 1372 1572 ab

309 1624 410 1667 amore
425 1616 560 1680 sumunt,
577 1605 625 1667 cui
640 1604 778 1667 materiae
791 1606 849 1667 iam
862 1603 899 1666 ab
909 1626 990 1667 anno
1003 1606 1106 1666 aetatis
1117 1605 1262 1667 vicesimo
1275 1604 1373 1687 primo

311 1712 398 1781 poeta
410 1697 557 1773 incubuit,
575 1698 651 1759 sicut
659 1713 794 1781 apertum
806 1698 841 1759 fit
854 1719 890 1759 ex
904 1698 1082 1783 quibusdam
1099 1700 1258 1776 Amorum,
1273 1702 1324 1774 111,
1344 1718 1372 1775 1,

314 1808 360 1871 59,
375 1806 405 1853 et
417 1792 562 1855 Tristium
575 1794 628 1867 Ill,
645 1812 692 1869 12,
709 1808 757 1867 15,
773 1792 848 1855 locis
864 1815 873 1853 t

469 1926 559 1981 Prima
572 1936 633 1981 tuae
647 1926 721 1981 movi
735 1926 820 1982 felicia
831 1927 933 1982 semina
946 1928 1076 1983 mentis...

470 2010 542 2066 Cum
552 2010 671 2078 Thebae,
687 2028 749 2066 cum
761 2010 844 2067 Troia
853 2010 930 2079 soret,
941 2030 1003 2067 cum
1017 2012 1136 2067 Caesaris
1149 2025 1217 2079 acta,

469 2096 612 2167 Ingenium
627 2096 712 2151 movit
724 2095 781 2151 sola
795 2097 914 2152 Corinna
926 2115 1020 2152 meum
1033 2108 1054 2151 ¹.

349 2220 388 2281 At
402 2218 543 2301 quoniam
555 2218 734 2281 carminibus
744 2221 871 2282 amicam
881 2220 1095 2283 celebrantibus
1105 2222 1235 2304 primum
1244 2221 1374 2283 innotuit

311 2333 381 2373 cum
393 2311 465 2373 illi«
482 2312 570 2373 barba
584 2327 694 2375 resecta
709 2312 793 2375 bisve
809 2314 940 2377 semelve
957 2315 1013 2377 luit
1029 2339 1058 2391 u,
1076 2316 1111 2375 ad
1126 2316 1284 2377 radendam
1301 2336 1373 2376 vero

310 2404 429 2467 barbam
450 2407 625 2488 requisitum
649 2427 713 2467 esse
737 2422 781 2469 ter
812 2408 1013 2489 septenarium
1041 2427 1201 2469 numerum
1226 2409 1374 2469 affirmant

310 2500 493 2580 grammatici
506 2518 542 2559 ex
559 2498 627 2560 loco
640 2499 796 2575 Macrobii,
813 2501 928 2562 scilicet
942 2499 997 2562 sub
1011 2521 1125 2562 annum
1139 2503 1241 2562 aetatis
1252 2504 1336 2563 XXII
1348 2514 1372 2577 ²,

311 2592 382 2653 hinc
398 2590 482 2652 facile
498 2591 668 2673 colligimus
681 2591 716 2653 ab
730 2592 843 2653 Ovidio
856 2595 956 2655 statim
968 2595 1045 2654 circa
1057 2594 1136 2655 hanc
1151 2608 1276 2656 aetatem
1294 2596 1375 2655 iuve-

311 2684 383 2746 nilia
395 2684 470 2746 lecta
484 2684 598 2767 populo
616 2705 691 2759 esse,
711 2684 759 2746 vel
775 2687 887 2767 potius,
909 2686 1075 2747 secundum
1094 2707 1182 2748 usum
1199 2687 1263 2748 aliis
1279 2688 1375 2770 poetis

311 2776 503 2854 sollemnem,
516 2778 545 2838 in
561 2779 727 2839 amicorum
743 2778 1002 2861 litteratorumque
1018 2795 1106 2841 coetu
1121 2782 1252 2841 recitata.
1270 2782 1375 2863 Neque

311 2872 387 2931 hanc
406 2872 557 2932 materiam
577 2885 645 2931 ante
662 2892 776 2933 annum
796 2865 898 2933 aetatis
913 2874 1051 2955 quintum
1069 2888 1098 2935 et
1117 2874 1376 2956 quadragesimum

310 2963 441 3047 reliquit,
455 2964 604 3047 siquidem
620 2977 734 3026 constat
747 2967 896 3026 Amorum
909 2966 1013 3043 libros,
1033 2968 1200 3028 Heroidum
1216 2967 1373 3049 Epistulas,

309 3058 412 3119 Artem
437 3058 630 3134 Amatoriam,
655 3057 795 3120 Remedia
822 3060 953 3133 Amoris,
977 3060 1175 3120 Medicamina
1200 3060 1286 3121 faciei
1317 3061 1375 3121 iam

310 3150 444 3211 absoluta
454 3164 483 3211 et
492 3151 569 3211 edita
581 3151 671 3212 luisse
680 3173 739 3234 quo
752 3166 887 3235 tempore
897 3153 933 3213 ad
946 3154 1048 3214 Fastos
1058 3154 1375 3236 Metamorphosesque

311 3265 342 3305 se
355 3245 511 3319 convertit,
526 3260 580 3323 755
598 3244 633 3305 ab
650 3248 689 3307 U.
707 3246 741 3307 C.
757 3258 779 3307 3.

352 3339 424 3409 Quo
440 3356 511 3398 vero
530 3357 609 3397 anno
629 3338 796 3399 Heroidum
813 3338 955 3421 epistulae
976 3339 1089 3421 publici
1109 3340 1180 3400 iuris
1197 3340 1288 3401 factae
1305 3342 1374 3415 sint,

310 3444 436 3491 statuere
448 3430 599 3491 difficilius
613 3445 667 3507 est,
684 3432 751 3515 quia
767 3432 798 3493 in
812 3432 858 3493 his
871 3432 1064 3509 carminibus,
1080 3447 1184 3515 utpote
1198 3436 1235 3495 ad
1248 3436 1375 3516 antiqui-

312 3537 399 3585 tatem
417 3522 646 3605 pertinentibus,
670 3525 746 3586 nihil
765 3526 981 3607 deprehendas,
1003 3528 1064 3586 sive
1085 3525 1176 3601 lacta,
1198 3527 1259 3589 sive
1278 3548 1375 3588 mores

312 3631 435 3699 spectes,
448 3616 528 3699 quod
542 3631 659 3699 tempus
674 3618 812 3679 editionis
830 3618 967 3680 illustret.
984 3619 1051 3679 Hoc
1063 3633 1178 3681 tantum
1189 3635 1375 3702 compertum

312 3709 474 3787 habemus,
499 3710 562 3771 illas
586 3724 653 3771 ante
676 3712 805 3772 Amores
827 3711 926 3773 lucem
951 3712 1075 3788 vidisse,
1104 3715 1246 3795 quoniam
1272 3715 1303 3773 in
1330 3714 1376 3779 his

344 3910 367 3943 1.
384 3894 422 3945 Cf.
440 3896 628 3957 Trist.,lv,1o,
642 3896 723 3959 57=60.

343 3987 366 4019 2.
384 3970 421 4019 cl.
435 3972 540 4034 Masson,
556 3973 607 4019 Vita
622 3972 706 4031 Ovidii,
718 3974 744 4019 in
753 3972 815 4021 edit.
828 3972 982 4030 Lemairiana,
994 3988 1019 4036 p,
1036 3986 1062 4034 13
1067 3987 1089 4034 3.

345 4060 366 4105 ς.
384 4044 422 4095 Cf.
440 4046 521 4105 Trist„
534 4048 553 4105 l,
566 4060 590 4110 7,
605 4062 630 4109 ις
643 4062 711 4111 sqq.;
725 4048 756 4107 ΙΙ,
772 4061 825 4112 549.
