3159 5017
785 472 945 548 „98-

331 604 361 664 in
385 618 527 686 promptu
551 603 677 663 omnino
701 618 769 664 sunt
785 602 931 664 flexibiles
950 616 980 665 et
998 604 1207 678 concinentes;
1230 625 1400 687 quanquam

330 717 402 757 vero
417 696 592 758 mollissima
607 697 641 756 ad
657 717 758 757 versus
771 696 923 757 lenitatem
937 696 1026 758 verba
1038 711 1228 779 usurpantur,
1244 717 1306 758 non
1316 697 1400 759 deest

330 789 371 851 illi
385 790 556 851 felicissima
571 792 602 850 in
621 788 764 872 eligendis
776 791 980 872 novandisque
994 789 1146 850 vocabulis
1160 804 1190 851 et
1209 790 1398 851 conforman-

331 882 374 943 dis
401 884 554 944 sententiis
578 884 726 957 audentia,
748 884 788 943 ita
812 897 912 944 tamen
934 896 966 944 ut
994 885 1104 943 severis
1130 882 1246 965 legibus
1283 885 1399 945 astricta

332 977 461 1036 carmina
479 978 561 1057 quasi
579 996 714 1036 normam
731 974 848 1036 distichi
868 976 1074 1036 constituerint
1092 996 1130 1035 ne
1147 976 1295 1050 varietur;
1316 997 1397 1057 pror·

330 1088 439 1150 susque
460 1069 534 1128 adeo
552 1068 608 1128 sibi
626 1082 764 1129 constans
779 1067 941 1129 virtutibus
954 1069 1093 1150 vitiisque
1111 1069 1143 1127 in
1160 1069 1206 1127 his
1219 1068 1399 1129 carminibus

329 1176 449 1243 apparet
476 1175 574 1242 poeta,
604 1175 636 1222 ut
666 1160 933 1222 luculentissimam
965 1162 1177 1243 cognationem
1205 1162 1398 1243 eiusdemque

329 1254 448 1315 artificis
463 1275 585 1316 manum
598 1256 709 1336 ubique
721 1274 927 1336 agnoscamus.

370 1349 469 1429 ltaque
486 1367 678 1431 quocumque
695 1350 903 1429 circumspexi,
925 1348 1092 1409 Heroidum
1110 1348 1261 1431 Epistulae
1281 1348 1398 1409 fontem

334 1455 500 1502 ceterorum
521 1442 625 1502 Ovidii
638 1461 763 1523 operum
775 1441 913 1501 videntur
927 1442 1090 1516 continere,
1104 1456 1133 1503 et
1148 1443 1212 1523 ipse
1230 1455 1318 1523 poeta
1333 1440 1398 1501 talis

329 1534 388 1594 iam
400 1534 496 1595 elucet
510 1534 604 1617 qualis
618 1534 841 1616 insequentibus
859 1534 1040 1596 carminibus
1053 1535 1217 1610 eminebit;
1231 1537 1272 1595 ita
1282 1536 1333 1618 qui
1346 1555 1395 1594 eas

330 1626 488 1709 diligenter
515 1628 669 1703 evolverit,
704 1628 788 1689 illum
817 1642 921 1709 postea
949 1648 1046 1710 neque
1076 1631 1224 1689 Amorum
1257 1630 1397 1709 Artisque

329 1723 497 1783 Amatoriae
513 1722 673 1802 nequitiae,
692 1742 787 1803 neque
806 1723 944 1803 copiosae
962 1722 1248 1803 Metamorphoseon
1267 1721 1395 1795 fabulae,

329 1834 426 1896 neque
439 1813 569 1875 abstrusa
581 1816 735 1875 Fastorum
746 1815 880 1875 doctrina
893 1835 987 1875 novae
999 1829 1086 1896 atque
1101 1816 1220 1897 ignotae
1233 1814 1397 1896 deprehen·

329 1907 410 1968 dent.
434 1906 639 1977 Quamobrem
662 1928 722 1969 non
743 1909 893 1969 immerito
910 1907 947 1967 ab
966 1909 1172 1969 eruditissimis
1192 1909 1262 1969 viris
1280 1929 1398 1989 semper

329 2013 357 2061 et
369 2000 470 2060 laudes
479 2000 510 2059 in
519 2000 641 2061 Heroid.
652 2000 797 2081 Epistulas
810 2020 873 2061 esse
885 2013 1039 2081 congestas
1050 2014 1078 2060 et
1089 2020 1173 2061 curas
1181 2000 1215 2059 ad
1227 2000 1397 2061 illustranda

329 2094 516 2175 sanandaque
542 2095 671 2153 carmina
699 2095 849 2175 impensas
880 2094 1034 2170 existim03
1062 2114 1158 2175 neque
1189 2095 1337 2175 ingratum
1368 2108 1397 2154 et

328 2207 580 2267 supervacaneum
602 2207 657 2269 ego
678 2185 809 2247 laborem
832 2186 902 2247 duxi
927 2207 1017 2268 quem
1042 2189 1157 2269 suscepi
1177 2202 1208 2248 ut
1230 2188 1397 2247 carminum

329 2282 438 2341 horum
450 2282 573 2341 virtutes
589 2282 717 2362 vitiaque
730 2280 936 2361 explanarem,
956 2280 1146 2362 laetaborque
1162 2282 1186 2341 si
1203 2301 1265 2341 non
1284 2282 1396 2361 impru-

328 2373 431 2433 denter
445 2374 612 2433 aestimasse
626 2374 707 2433 visus
722 2393 773 2433 ero
788 2374 860 2454 quid
872 2373 947 2435 ferre
961 2374 1092 2435 valerent
1105 2374 1212 2435 umeri.

807 2596 932 2701 urus(

814 3176 819 3185 '
847 3173 918 3232 Vidi
930 3193 964 3233 ac
978 3174 1091 3255 perlegi

684 3280 808 3371 Lutetiae
823 3280 1012 3355 Parisiorum,
1029 3281 1060 3339 in
1075 3279 1221 3356 Sorbona‚

566 3414 571 3421 ·
616 3405 643 3445 a.
660 3384 690 3445 d.
707 3387 776 3445 XVI
795 3384 852 3446 ltal.
869 3386 922 3467 jul.
943 3407 1012 3447 ann.
1029 3387 1274 3463 MDCCCXCV3

497 3491 652 3553 Facultatis
667 3494 842 3554 Litterarum
856 3496 886 3555 in
901 3495 1059 3555 Academia
1072 3496 1228 3555 Parisiensi
1245 3497 1394 3568 Decanus,

888 3617 924 3674 A.
939 3616 1049 3674 Huur.

429 3745 522 3827 Typis
535 3744 692 3806 mandetur
706 3770 713 3821 ;

328 3853 496 3940 Academiae
510 3854 679 3914 Parisiensis
694 3856 814 3926 Rector‚

490 3970 624 4031 Gnarus.
