3159 5017
661 494 821 577 -83-

250 630 294 692 De
309 645 428 692 auctore
443 631 586 692 dubitatio
604 645 785 706 moveretur,
804 631 827 689 si
843 650 904 689 non
919 630 950 688 in
966 649 1092 689 numero
1107 623 1273 689 Heroidum

209 726 282 785 haec
297 724 447 786 codicibus
464 725 553 787 relata
568 739 653 786 esset.
676 727 753 785 Nam
773 725 855 805 quod
872 721 1078 784 vetustissimis
1094 722 1274 783 membranis

209 820 363 894 omittitur,
387 839 483 901 neque
505 821 581 879 inter
607 817 754 900 Epistulas
782 837 849 878 eam
870 838 974 899 graece
995 818 1083 877 vertit
1104 818 1182 877 Max.
1210 816 1272 876 Pla·

209 911 313 988 nudes,
330 914 403 973 etin
418 914 624 994 manuscriptis
637 926 753 973 tantum
766 932 843 971 saec.
859 931 900 971 xv
916 925 1047 992 apparet,
1070 931 1131 971 non
1153 910 1273 991 quidem

208 1006 266 1065 hoc
287 1006 355 1067 loco
375 1022 404 1067 et
420 1007 524 1067 ordine
545 1007 696 1087 disposita,
719 1006 769 1065 sed
788 1004 965 1088 plerumque
985 1004 1022 1065 ad
1041 1004 1152 1065 calcem
1175 1004 1275 1085 operis

208 1100 313 1160 reiecta
327 1115 347 1174 ¹,
367 1102 490 1161 minime
510 1100 578 1161 inde
594 1100 725 1181 sequitur
740 1099 818 1158 hanc
832 1098 933 1158 fraude
955 1112 1111 1180 poetarum
1132 1097 1273 1158 ltalomm

207 1192 285 1253 illius
304 1195 405 1253 aetatis
424 1195 545 1254 demum
564 1193 697 1275 epistulis
716 1193 885 1253 accessisse.
912 1194 1019 1274 Vigere
1042 1192 1197 1252 temeraria
1220 1192 1274 1251 ista

208 1288 311 1367 opinio
326 1288 422 1368 potuit
441 1288 538 1348 donec
549 1288 579 1346 in
596 1285 746 1347 codicibus
760 1306 836 1346 saec.
858 1305 914 1347 xt11
935 1300 1072 1367 excerpta
1084 1306 1119 1345 ex
1137 1285 1272 1345 Heroidi-

210 1378 262 1440 bus
287 1394 354 1440 sunt
379 1395 511 1463 reperta;
538 1381 588 1441 sed
615 1400 694 1440 anno
722 1382 795 1458 1843
824 1379 1042 1440 Schneidevvin
1073 1400 1089 1439 a
1113 1378 1273 1439 Duebnero

208 1474 377 1535 admonitus
390 1476 420 1534 in
433 1476 510 1535 Mus.
526 1475 623 1535 Rhen.
638 1462 678 1533 N.
693 1474 723 1534 S.
740 1476 791 1548 ΙΙΙ,
806 1494 837 1555 p.
856 1493 1028 1549 144‚versus
1038 1474 1123 1555 epist.
1137 1473 1274 1555 Sapphus

209 1567 320 1649 aliquot
343 1567 466 1649 protulit
490 1569 541 1649 qui
563 1568 594 1628 in
615 1568 681 1628 cod.
704 1569 795 1628 Paris.
823 1567 949 1648 (179o3‚
976 1569 1179 1627 Notre·Dame
1204 1566 1274 1647 188)

209 1662 284 1721 inter
309 1664 380 1722 Her.
404 1662 475 1722 XIV
496 1661 780 1743 (Hypermnestrae)
804 1675 833 1721 et
854 1663 909 1722 XV
936 1660 1079 1742 (Paridis)
1102 1660 1272 1742 leguntur2.

209 1755 337 1815 Eosdem
356 1775 470 1830 versus,
495 1754 582 1815 idest
601 1776 648 1833 31,
673 1775 721 1834 31,
742 1774 789 1833 33,
812 1775 860 1833 34,
883 1771 950 1832 195,
972 1757 1042 1832 196,
1062 1754 1169 1836 quibus
1186 1755 1274 1813 etiam

208 1849 311 1909 adiecti
331 1863 399 1909 sunt
415 1868 461 1925 14,
477 1852 525 1925 65,
546 1851 594 1923 66,
610 1866 660 1925 72,
678 1851 726 1925 81,
748 1850 778 1908 in
792 1848 850 1908 alio
869 1849 971 1909 codice
990 1849 1080 1908 Paris.
1099 1851 1177 1924 7647
1195 1867 1270 1908 saec.

208 1962 264 2003 x111
284 1944 410 2003 inveniri
431 1942 532 2003 docuit
550 1943 734 2023 Comparetti
754 1942 812 2025 (op.
836 1941 896 2016 cit„
919 1963 949 2023 p.
974 1942 1042 2023 25),
1063 1942 1141 2001 unde
1164 1941 1275 2001 corruit

208 2038 281 2096 ratio
301 2056 406 2096 eorum
426 2037 477 2117 qui
495 2050 601 2117 poetae
618 2036 740 2096 alicuius
754 2035 862 2096 saeculi
878 2056 918 2095 xv
935 2034 1058 2096 artificio
1077 2036 1274 2116 compositam

209 2130 285 2189 hanc
298 2128 454 2210 epistulam
474 2148 536 2188 esse
555 2130 782 2190 contenderunt.
800 2130 891 2212 lgitur
904 2143 981 2189 recte
994 2130 1067 2188 haec
1084 2128 1196 2209 colligit
1207 2142 1276 2209 post

208 2224 443 2305 Comparettium
465 2224 509 2282 De
526 2224 611 2284 Vries
630 2222 689 2305 (op.
707 2223 767 2298 cit„
790 2243 821 2304 p.
844 2243 861 2283 2
880 2222 963 2305 sqq.)
981 2244 988 2281 :
1012 2247 1027 2279 α
1046 2242 1114 2282 cum
1131 2223 1190 2281 iam
1207 2223 1274 2281 satis

209 2336 355 2399 superque
382 2337 399 2376 a
427 2315 527 2376 multis
554 2317 647 2377 doctis
671 2318 741 2376 viris
770 2318 807 2376 sit
835 2317 1068 2377 demonstratum
1097 2316 1198 2375 omnia
1226 2314 1275 2375 illa

208 2424 343 2492 excerpta
368 2431 403 2470 ex
428 2431 489 2470 uno
514 2410 681 2492 eodemque
708 2411 869 2491 archetypo
895 2410 1042 2492 originem
1068 2411 1190 2484 ducere,
1215 2409 1274 2490 pri·

208 2524 350 2586 mumque
374 2524 390 2563 a
410 2505 473 2564 viro
497 2504 596 2564 nescio
616 2525 675 2586 quo
698 2524 760 2564 esse
782 2503 905 2564 collecta
924 2503 1032 2563 saeculi
1049 2523 1080 2563 ur
1107 2503 1154 2563 vel
1172 2502 1274 2563 saltem

209 2597 356 2673 saeculix‚
371 2611 492 2679 apparet
504 2598 562 2657 iam
575 2611 642 2657 ante
656 2596 806 2658 saeculum
817 2598 966 2657 decimum
977 2598 1111 2657 codicem
1126 2597 1274 2680 quendam

207 2690 296 2751 fuisse
310 2694 475 2752 carminum
491 2691 604 2767 Ovidii,
624 2691 654 2751 in
672 2711 732 2773 quo
747 2692 821 2751 haec
834 2705 933 2750 nostra
950 2690 1074 2772 epistula
1091 2691 1228 2772 Sapphus
1243 2703 1275 2750 ut

207 2786 371 2866 genuinum
385 2785 487 2846 Ovidii
506 2804 582 2866 opus
601 2785 677 2845 inter
693 2785 838 2845 Heroidas
849 2787 919 2845 XIV
932 2799 961 2844 et
972 2786 1028 2844 XV
1040 2784 1140 2865 (XVI)
1154 2784 1275 2844 haberet

208 2875 318 2939 locum.
344 2880 407 2938 Nec
434 2878 556 2938 dubium
590 2892 687 2960 potest
715 2898 778 2937 csse
808 2879 879 2960 quin
906 2879 999 2938 codex
1030 2877 1090 2954 ille,
1118 2880 1274 2938 continens

209 2973 345 3053 Sapphus
374 2971 548 3053 epistulam,
573 2973 670 3053 itaque
694 2970 784 3054 longe
817 2986 948 3032 remotus
977 2971 1013 3031 ab
1041 2971 1097 3031 illis
1123 2970 1274 3031 codicibus

209 3065 377 3141 Ovidianis,
397 3066 447 3147 qui
463 3066 531 3125 inde
550 3063 677 3125 aCaroli
692 3066 794 3146 Magni
814 3063 997 3147 temporibus
1016 3065 1160 3146 divulgari
1177 3064 1273 3145 coepti

209 3172 287 3234 sunt,
302 3160 361 3219 iam
376 3173 443 3219 ante
456 3173 592 3240 tempora
612 3158 661 3218 illa
677 3158 766 3218 fuerit
779 3159 915 3240 scriptus,
933 3159 1026 3218 immo
1046 3179 1107 3218 non
1128 3159 1167 3218 ita
1179 3157 1273 3217 multo

207 3254 359 3313 recesserit
376 3273 392 3312 a
412 3267 484 3314 noto
505 3252 556 3311 illo
575 3253 735 3333 archetypo
754 3253 905 3313 Ovidiano
925 3272 1015 3333 quem
1035 3251 1152 3312 saeculo
1173 3271 1202 3310 vr
1227 3249 1274 3310 vel

208 3364 251 3406 vu
267 3347 409 3428 scriptum
421 3366 483 3406 esse
493 3346 622 3405 ostendit
638 3346 672 3406 L.
683 3344 810 3406 Mueller
822 3345 883 3427 (De
896 3365 927 3405 re
940 3360 1040 3420 metr„
1055 3366 1084 3426 p.
1097 3365 1133 3423 43
1150 3345 1242 3426 sqq).
1256 3368 1271 3400 1

247 3440 311 3500 Alia
323 3441 433 3500 indicia
446 3459 540 3521 nuper
553 3439 728 3521 indagarunt
745 3440 824 3499 docti
838 3440 904 3514 viri,
919 3438 1025 3521 quibus
1040 3438 1181 3520 probetur
1198 3439 1275 3497 hanc

207 3534 263 3594 XV
278 3533 434 3614 epistulam
450 3534 578 3615 antiquis
594 3534 652 3594 iam
667 3532 852 3614 temporibus
869 3533 899 3591 in
914 3553 1039 3592 numero
1055 3533 1274 3594 Ovidianorum

208 3628 372 3688 carminum
392 3626 522 3687 habitam
541 3646 616 3688 esse.
637 3628 715 3687 Nam
738 3647 773 3686 ex
795 3628 919 3686 Ausonii
936 3627 1051 3707 scriptis
1071 3627 1275 3708 sagacissimus

208 3721 286 3782 idem
300 3721 483 3802 Comparetti
495 3720 553 3803 (op.
569 3721 633 3795 cil„
654 3740 685 3801 p.
709 3740 725 3799 9
740 3719 812 3801 sq.)‚
827 3719 910 3780 locos
929 3720 1074 3801 quosdam
1091 3719 1276 3801 deprompsit

239 3937 261 3969 1.
280 3920 316 3969 Cf.
330 3920 473 3984 Sedlmayer,
487 3920 620 3983 Prolegom„
635 3921 686 3968 crit.
700 3920 719 3980 1,
732 3931 755 3967 et
767 3920 804 3967 De
815 3918 895 3982 Vries,
909 3927 943 3982 op.
956 3920 1005 3977 cit„
1018 3936 1041 3983 p.
1056 3934 1086 3978 24
1097 3934 1148 3982 sqq.

239 4012 261 4045 2.
280 3996 317 4046 Cf.
331 3998 485 4061 Comparetti‚
498 4005 532 4059 op.
545 3998 595 4053 cit„
606 4012 628 4059 p.
642 4011 672 4056 24
684 4011 736 4059 sqq.
