<?xml version="1.0" encoding="UTF-8"?>
<!DOCTYPE html PUBLIC "-//W3C//DTD XHTML 1.0 Transitional//EN"
    "http://www.w3.org/TR/xhtml1/DTD/xhtml1-transitional.dtd">
<html xmlns="http://www.w3.org/1999/xhtml" xml:lang="en" lang="en">
 <head>
  <title>
</title>
<meta http-equiv="Content-Type" content="text/html;charset=utf-8" />
  <meta name='ocr-system' content='tesseract 3.04.00' />
  <meta name='ocr-capabilities' content='ocr_page ocr_carea ocr_par ocr_line ocrx_word'/>
</head>
<body>
  <div class='ocr_page' id='page_1' title='image "./quaestionesadpo00pigoog_0101.png"; bbox 0 0 3159 5017; ppageno 0'>
   <div class='ocr_carea' id='block_1_1' title="bbox 655 508 814 586">
    <p class='ocr_par' dir='ltr' id='par_1_1' title="bbox 655 508 814 586">
     <span class='ocr_line' id='line_1_1' title="bbox 655 508 814 586; baseline -0.006 -27"><span class='ocrx_word' id='word_1_1' title='bbox 655 508 814 586; x_wconf 67' lang='lat'><strong>...37-</strong></span> 
     </span>
    </p>
   </div>
   <div class='ocr_carea' id='block_1_2' title="bbox 203 642 1270 819">
    <p class='ocr_par' dir='ltr' id='par_1_2' title="bbox 203 642 1270 819">
     <span class='ocr_line' id='line_1_2' title="bbox 204 642 1268 725; baseline 0.002 -21"><span class='ocrx_word' id='word_1_2' title='bbox 204 645 227 719; x_wconf 92' lang='lat' dir='ltr'><strong>l,</strong></span> <span class='ocrx_word' id='word_1_3' title='bbox 250 661 308 721; x_wconf 84' lang='lat'><strong>254</strong></span> <span class='ocrx_word' id='word_1_4' title='bbox 329 666 344 699; x_wconf 78' lang='grc' dir='ltr'><em>α</em></span> <span class='ocrx_word' id='word_1_5' title='bbox 364 662 454 725; x_wconf 84' lang='lat' dir='ltr'><strong>parva</strong></span> <span class='ocrx_word' id='word_1_6' title='bbox 474 642 542 703; x_wconf 92' lang='lat' dir='ltr'><strong>licet</strong></span> <span class='ocrx_word' id='word_1_7' title='bbox 564 663 706 724; x_wconf 85' lang='lat' dir='ltr'><strong>magnum</strong></span> <span class='ocrx_word' id='word_1_8' title='bbox 725 642 814 725; x_wconf 88' lang='lat' dir='ltr'><strong>pallia</strong></span> <span class='ocrx_word' id='word_1_9' title='bbox 836 644 954 725; x_wconf 91' lang='lat' dir='ltr'><strong>pondus</strong></span> <span class='ocrx_word' id='word_1_10' title='bbox 975 642 1096 719; x_wconf 89' lang='lat' dir='ltr'><strong>habent,</strong></span> <span class='ocrx_word' id='word_1_11' title='bbox 1119 645 1156 705; x_wconf 84' lang='lat' dir='ltr'><strong>cf.</strong></span> <span class='ocrx_word' id='word_1_12' title='bbox 1176 647 1268 707; x_wconf 86' lang='lat' dir='ltr'><strong>Ovid.</strong></span> 
     </span>
     <span class='ocr_line' id='line_1_3' title="bbox 203 736 1270 819; baseline 0.001 -21"><span class='ocrx_word' id='word_1_13' title='bbox 203 738 286 813; x_wconf 86' lang='lat' dir='ltr'>XXI,</span> <span class='ocrx_word' id='word_1_14' title='bbox 304 753 370 812; x_wconf 87' lang='lat'>172,</span> <span class='ocrx_word' id='word_1_15' title='bbox 385 750 414 797; x_wconf 95' lang='lat' dir='ltr'><strong>et</strong></span> <span class='ocrx_word' id='word_1_16' title='bbox 423 737 541 818; x_wconf 88' lang='lat' dir='ltr'><strong>gravius</strong></span> <span class='ocrx_word' id='word_1_17' title='bbox 551 738 628 797; x_wconf 91' lang='lat' dir='ltr'><strong>iusto</strong></span> <span class='ocrx_word' id='word_1_18' title='bbox 641 737 728 818; x_wconf 90' lang='lat' dir='ltr'><strong>pallia</strong></span> <span class='ocrx_word' id='word_1_19' title='bbox 738 738 857 819; x_wconf 90' lang='lat' dir='ltr'><strong>pondus</strong></span> <span class='ocrx_word' id='word_1_20' title='bbox 871 736 981 797; x_wconf 88' lang='lat' dir='ltr'><strong>habent</strong></span> <span class='ocrx_word' id='word_1_21' title='bbox 991 762 1006 793; x_wconf 77' lang='lat' dir='ltr'><strong>n</strong></span> <span class='ocrx_word' id='word_1_22' title='bbox 1019 760 1026 812; x_wconf 94' lang='lat'>;</span> <span class='ocrx_word' id='word_1_23' title='bbox 1040 738 1118 798; x_wconf 91' lang='lat' dir='ltr'><strong>unde</strong></span> <span class='ocrx_word' id='word_1_24' title='bbox 1133 738 1270 819; x_wconf 90' lang='lat' dir='ltr'><strong>probabi·</strong></span> 
     </span>
    </p>
   </div>
   <div class='ocr_carea' id='block_1_3' title="bbox 203 829 1270 1194">
    <p class='ocr_par' dir='ltr' id='par_1_3' title="bbox 203 829 1270 1194">
     <span class='ocr_line' id='line_1_4' title="bbox 203 829 1270 914; baseline 0.001 -23"><span class='ocrx_word' id='word_1_25' title='bbox 203 830 269 891; x_wconf 92' lang='lat' dir='ltr'><strong>liter</strong></span> <span class='ocrx_word' id='word_1_26' title='bbox 282 829 440 891; x_wconf 87' lang='lat' dir='ltr'><strong>concludas</strong></span> <span class='ocrx_word' id='word_1_27' title='bbox 453 850 469 891; x_wconf 90' lang='lat' dir='ltr'><strong>a</strong></span> <span class='ocrx_word' id='word_1_28' title='bbox 482 830 675 906; x_wconf 79' lang='lat' dir='ltr'><strong>MaximianO,</strong></span> <span class='ocrx_word' id='word_1_29' title='bbox 693 850 763 913; x_wconf 90' lang='lat' dir='ltr'><strong>prae</strong></span> <span class='ocrx_word' id='word_1_30' title='bbox 778 831 883 891; x_wconf 88' lang='lat' dir='ltr'><strong>ceteris</strong></span> <span class='ocrx_word' id='word_1_31' title='bbox 902 831 1004 892; x_wconf 83' lang='lat' dir='ltr'><strong>Ovidii</strong></span> <span class='ocrx_word' id='word_1_32' title='bbox 1020 831 1152 914; x_wconf 85' lang='lat' dir='ltr'><strong>diligenti</strong></span> <span class='ocrx_word' id='word_1_33' title='bbox 1172 833 1270 894; x_wconf 90' lang='lat' dir='ltr'><strong>imita-</strong></span> 
     </span>
     <span class='ocr_line' id='line_1_5' title="bbox 203 924 1267 1008; baseline 0.002 -23"><span class='ocrx_word' id='word_1_34' title='bbox 203 939 279 999; x_wconf 89' lang='lat' dir='ltr'>tore,</span> <span class='ocrx_word' id='word_1_35' title='bbox 296 924 382 1005; x_wconf 89' lang='lat' dir='ltr'><strong>epist.</strong></span> <span class='ocrx_word' id='word_1_36' title='bbox 399 926 469 985; x_wconf 91' lang='lat' dir='ltr'><strong>XXI</strong></span> <span class='ocrx_word' id='word_1_37' title='bbox 486 938 518 985; x_wconf 91' lang='lat' dir='ltr'><strong>ut</strong></span> <span class='ocrx_word' id='word_1_38' title='bbox 536 925 715 986; x_wconf 89' lang='lat' dir='ltr'><strong>Ovidianam</strong></span> <span class='ocrx_word' id='word_1_39' title='bbox 735 944 798 985; x_wconf 88' lang='lat' dir='ltr'><strong>esse</strong></span> <span class='ocrx_word' id='word_1_40' title='bbox 812 924 1010 985; x_wconf 87' lang='lat' dir='ltr'><strong>lectitatam...</strong></span> <span class='ocrx_word' id='word_1_41' title='bbox 1028 926 1167 987; x_wconf 90' lang='lat' dir='ltr'><strong>Ceterum</strong></span> <span class='ocrx_word' id='word_1_42' title='bbox 1182 927 1267 1008; x_wconf 89' lang='lat' dir='ltr'><strong>epist.</strong></span> 
     </span>
     <span class='ocr_line' id='line_1_6' title="bbox 203 1018 1270 1101; baseline 0.002 -22"><span class='ocrx_word' id='word_1_43' title='bbox 203 1018 322 1079; x_wconf 82' lang='lat' dir='ltr'><strong>Acontii</strong></span> <span class='ocrx_word' id='word_1_44' title='bbox 346 1032 375 1079; x_wconf 90' lang='lat' dir='ltr'><strong>et</strong></span> <span class='ocrx_word' id='word_1_45' title='bbox 398 1018 551 1099; x_wconf 85' lang='lat' dir='ltr'><strong>Cydippae</strong></span> <span class='ocrx_word' id='word_1_46' title='bbox 576 1018 704 1079; x_wconf 89' lang='lat' dir='ltr'><strong>duorum</strong></span> <span class='ocrx_word' id='word_1_47' title='bbox 732 1032 800 1078; x_wconf 92' lang='lat' dir='ltr'><strong>sunt</strong></span> <span class='ocrx_word' id='word_1_48' title='bbox 821 1033 920 1099; x_wconf 85' lang='lat' dir='ltr'><strong>aperte</strong></span> <span class='ocrx_word' id='word_1_49' title='bbox 942 1032 1113 1095; x_wconf 82' lang='lat' dir='ltr'><strong>auctorum3</strong></span> <span class='ocrx_word' id='word_1_50' title='bbox 1142 1040 1270 1101; x_wconf 85' lang='lat' dir='ltr'><strong>namque</strong></span> 
     </span>
     <span class='ocr_line' id='line_1_7' title="bbox 203 1111 1270 1194; baseline -0.001 -21"><span class='ocrx_word' id='word_1_51' title='bbox 203 1113 273 1173; x_wconf 87' lang='lat' dir='ltr'><strong>XXI</strong></span> <span class='ocrx_word' id='word_1_52' title='bbox 288 1111 382 1172; x_wconf 90' lang='lat' dir='ltr'><strong>multo</strong></span> <span class='ocrx_word' id='word_1_53' title='bbox 400 1111 620 1193; x_wconf 86' lang='lat' dir='ltr'><strong>inelegantioris</strong></span> <span class='ocrx_word' id='word_1_54' title='bbox 639 1125 668 1172; x_wconf 92' lang='lat' dir='ltr'><strong>et</strong></span> <span class='ocrx_word' id='word_1_55' title='bbox 685 1112 895 1173; x_wconf 89' lang='lat' dir='ltr'><strong>immaturioris</strong></span> <span class='ocrx_word' id='word_1_56' title='bbox 913 1124 956 1172; x_wconf 89' lang='lat' dir='ltr'><strong>est</strong></span> <span class='ocrx_word' id='word_1_57' title='bbox 971 1113 1103 1193; x_wconf 88' lang='lat' dir='ltr'><strong>ingenii;</strong></span> <span class='ocrx_word' id='word_1_58' title='bbox 1116 1112 1270 1194; x_wconf 87' lang='lat' dir='ltr'><strong>probabile</strong></span> 
     </span>
    </p>
   </div>
   <div class='ocr_carea' id='block_1_4' title="bbox 204 1210 1272 3701">
    <p class='ocr_par' dir='ltr' id='par_1_4' title="bbox 204 1210 1272 3701">
     <span class='ocr_line' id='line_1_8' title="bbox 204 1210 1271 1291; baseline 0.003 -22"><span class='ocrx_word' id='word_1_59' title='bbox 204 1230 275 1270; x_wconf 90' lang='lat' dir='ltr'><strong>vero</strong></span> <span class='ocrx_word' id='word_1_60' title='bbox 289 1223 332 1271; x_wconf 89' lang='lat' dir='ltr'><strong>est</strong></span> <span class='ocrx_word' id='word_1_61' title='bbox 351 1210 426 1270; x_wconf 88' lang='lat' dir='ltr'><strong>inter</strong></span> <span class='ocrx_word' id='word_1_62' title='bbox 447 1222 581 1270; x_wconf 86' lang='lat' dir='ltr'><strong>auctores</strong></span> <span class='ocrx_word' id='word_1_63' title='bbox 597 1230 643 1291; x_wconf 92' lang='lat' dir='ltr'><strong>ep.</strong></span> <span class='ocrx_word' id='word_1_64' title='bbox 667 1211 736 1271; x_wconf 91' lang='lat' dir='ltr'><strong>XVI</strong></span> <span class='ocrx_word' id='word_1_65' title='bbox 752 1224 781 1270; x_wconf 91' lang='lat' dir='ltr'><strong>et</strong></span> <span class='ocrx_word' id='word_1_66' title='bbox 794 1211 889 1286; x_wconf 89' lang='lat' dir='ltr'>XVII,</span> <span class='ocrx_word' id='word_1_67' title='bbox 909 1212 1008 1272; x_wconf 93' lang='lat' dir='ltr'>XVIII</span> <span class='ocrx_word' id='word_1_68' title='bbox 1024 1224 1052 1270; x_wconf 95' lang='lat' dir='ltr'><strong>et</strong></span> <span class='ocrx_word' id='word_1_69' title='bbox 1072 1211 1156 1285; x_wconf 92' lang='lat' dir='ltr'>XIX,</span> <span class='ocrx_word' id='word_1_70' title='bbox 1171 1212 1228 1271; x_wconf 97' lang='lat' dir='ltr'><strong>XX</strong></span> <span class='ocrx_word' id='word_1_71' title='bbox 1242 1225 1271 1273; x_wconf 92' lang='lat' dir='ltr'><strong>et</strong></span> 
     </span>
     <span class='ocr_line' id='line_1_9' title="bbox 205 1303 1271 1385; baseline 0.001 -20"><span class='ocrx_word' id='word_1_72' title='bbox 205 1318 234 1365; x_wconf 91' lang='lat' dir='ltr'><strong>et</strong></span> <span class='ocrx_word' id='word_1_73' title='bbox 252 1305 321 1363; x_wconf 95' lang='lat' dir='ltr'><strong>XXI</strong></span> <span class='ocrx_word' id='word_1_74' title='bbox 344 1303 468 1364; x_wconf 87' lang='lat' dir='ltr'><strong>eandem</strong></span> <span class='ocrx_word' id='word_1_75' title='bbox 490 1304 635 1364; x_wconf 87' lang='lat' dir='ltr'><strong>rationem</strong></span> <span class='ocrx_word' id='word_1_76' title='bbox 656 1304 856 1364; x_wconf 88' lang='lat' dir='ltr'><strong>intercessisse</strong></span> <span class='ocrx_word' id='word_1_77' title='bbox 877 1318 965 1385; x_wconf 94' lang='lat' dir='ltr'><strong>atque</strong></span> <span class='ocrx_word' id='word_1_78' title='bbox 983 1305 1059 1363; x_wconf 88' lang='lat' dir='ltr'><strong>inter</strong></span> <span class='ocrx_word' id='word_1_79' title='bbox 1081 1305 1225 1366; x_wconf 87' lang='lat' dir='ltr'><strong>Ovidium</strong></span> <span class='ocrx_word' id='word_1_80' title='bbox 1241 1319 1271 1366; x_wconf 93' lang='lat' dir='ltr'><strong>et</strong></span> 
     </span>
     <span class='ocr_line' id='line_1_10' title="bbox 205 1396 1270 1479; baseline 0.003 -22"><span class='ocrx_word' id='word_1_81' title='bbox 205 1397 379 1458; x_wconf 66' lang='lat' dir='ltr'><strong>Sabinum</strong></span> <span class='ocrx_word' id='word_1_82' title='bbox 404 1420 420 1453; x_wconf 74' lang='lat' dir='ltr'><strong>a</strong></span> <span class='ocrx_word' id='word_1_83' title='bbox 446 1399 534 1457; x_wconf 90' lang='lat' dir='ltr'><strong>Nunc</strong></span> <span class='ocrx_word' id='word_1_84' title='bbox 555 1398 652 1479; x_wconf 85' lang='lat' dir='ltr'><strong>aspice</strong></span> <span class='ocrx_word' id='word_1_85' title='bbox 674 1418 734 1479; x_wconf 93' lang='lat' dir='ltr'><strong>quo</strong></span> <span class='ocrx_word' id='word_1_86' title='bbox 751 1411 839 1479; x_wconf 88' lang='lat' dir='ltr'><strong>pacto</strong></span> <span class='ocrx_word' id='word_1_87' title='bbox 859 1396 900 1457; x_wconf 92' lang='lat' dir='ltr'><strong>illi</strong></span> <span class='ocrx_word' id='word_1_88' title='bbox 922 1399 1084 1458; x_wconf 88' lang='lat' dir='ltr'><strong>sententiae</strong></span> <span class='ocrx_word' id='word_1_89' title='bbox 1104 1398 1270 1460; x_wconf 85' lang='lat' dir='ltr'><strong>consentiat</strong></span> 
     </span>
     <span class='ocr_line' id='line_1_11' title="bbox 204 1490 1267 1572; baseline 0.003 -21"><span class='ocrx_word' id='word_1_90' title='bbox 204 1492 264 1552; x_wconf 90' lang='lat' dir='ltr'><strong>hoc</strong></span> <span class='ocrx_word' id='word_1_91' title='bbox 284 1490 416 1551; x_wconf 88' lang='lat' dir='ltr'><strong>eiusdem</strong></span> <span class='ocrx_word' id='word_1_92' title='bbox 437 1491 491 1550; x_wconf 92' lang='lat' dir='ltr'><strong>viri</strong></span> <span class='ocrx_word' id='word_1_93' title='bbox 516 1491 670 1566; x_wconf 91' lang='lat' dir='ltr'><strong>iudicium,</strong></span> <span class='ocrx_word' id='word_1_94' title='bbox 692 1490 750 1550; x_wconf 91' lang='lat' dir='ltr'><strong>alio</strong></span> <span class='ocrx_word' id='word_1_95' title='bbox 774 1504 910 1572; x_wconf 88' lang='lat' dir='ltr'><strong>tempore</strong></span> <span class='ocrx_word' id='word_1_96' title='bbox 929 1505 958 1551; x_wconf 94' lang='lat' dir='ltr'><strong>et</strong></span> <span class='ocrx_word' id='word_1_97' title='bbox 980 1511 1071 1572; x_wconf 91' lang='lat' dir='ltr'><strong>opere</strong></span> <span class='ocrx_word' id='word_1_98' title='bbox 1093 1491 1267 1572; x_wconf 90' lang='lat' dir='ltr'><strong>prolatum:</strong></span> 
     </span>
     <span class='ocr_line' id='line_1_12' title="bbox 207 1583 1271 1667; baseline 0.004 -26"><span class='ocrx_word' id='word_1_99' title='bbox 207 1609 222 1641; x_wconf 72' lang='grc' dir='ltr'><strong>α</strong></span> <span class='ocrx_word' id='word_1_100' title='bbox 237 1584 362 1645; x_wconf 89' lang='lat' dir='ltr'><strong>Leandri</strong></span> <span class='ocrx_word' id='word_1_101' title='bbox 376 1598 404 1644; x_wconf 90' lang='lat' dir='ltr'><strong>et</strong></span> <span class='ocrx_word' id='word_1_102' title='bbox 414 1587 511 1645; x_wconf 91' lang='lat' dir='ltr'><strong>Herus</strong></span> <span class='ocrx_word' id='word_1_103' title='bbox 526 1583 676 1666; x_wconf 89' lang='lat' dir='ltr'><strong>epistulas,</strong></span> <span class='ocrx_word' id='word_1_104' title='bbox 694 1605 762 1644; x_wconf 89' lang='lat' dir='ltr'><strong>cum</strong></span> <span class='ocrx_word' id='word_1_105' title='bbox 777 1598 838 1644; x_wconf 88' lang='lat' dir='ltr'><strong>arte</strong></span> <span class='ocrx_word' id='word_1_106' title='bbox 854 1598 883 1645; x_wconf 93' lang='lat' dir='ltr'><strong>et</strong></span> <span class='ocrx_word' id='word_1_107' title='bbox 895 1583 1041 1666; x_wconf 86' lang='lat' dir='ltr'><strong>elegantia</strong></span> <span class='ocrx_word' id='word_1_108' title='bbox 1058 1583 1113 1645; x_wconf 91' lang='lat' dir='ltr'><strong>sibi</strong></span> <span class='ocrx_word' id='word_1_109' title='bbox 1129 1605 1271 1667; x_wconf 89' lang='lat' dir='ltr'><strong>suppares</strong></span> 
     </span>
     <span class='ocr_line' id='line_1_13' title="bbox 206 1677 1270 1760; baseline 0.002 -23"><span class='ocrx_word' id='word_1_110' title='bbox 206 1679 274 1753; x_wconf 89' lang='lat' dir='ltr'><strong>sint,</strong></span> <span class='ocrx_word' id='word_1_111' title='bbox 295 1677 374 1738; x_wconf 88' lang='lat' dir='ltr'><strong>idem</strong></span> <span class='ocrx_word' id='word_1_112' title='bbox 393 1691 482 1758; x_wconf 91' lang='lat' dir='ltr'><strong>poeta</strong></span> <span class='ocrx_word' id='word_1_113' title='bbox 499 1691 597 1759; x_wconf 92' lang='lat' dir='ltr'><strong>potest</strong></span> <span class='ocrx_word' id='word_1_114' title='bbox 614 1679 818 1759; x_wconf 88' lang='lat' dir='ltr'><strong>composuisse</strong></span> <span class='ocrx_word' id='word_1_115' title='bbox 838 1677 943 1754; x_wconf 90' lang='lat' dir='ltr'><strong>videri,</strong></span> <span class='ocrx_word' id='word_1_116' title='bbox 963 1678 1062 1760; x_wconf 92' lang='lat' dir='ltr'><strong>quiin</strong></span> <span class='ocrx_word' id='word_1_117' title='bbox 1081 1679 1140 1739; x_wconf 90' lang='lat' dir='ltr'><strong>hoc</strong></span> <span class='ocrx_word' id='word_1_118' title='bbox 1160 1698 1270 1760; x_wconf 85' lang='lat' dir='ltr'><strong>genere</strong></span> 
     </span>
     <span class='ocr_line' id='line_1_14' title="bbox 205 1770 1272 1854; baseline 0.001 -24"><span class='ocrx_word' id='word_1_119' title='bbox 205 1770 373 1832; x_wconf 85' lang='lat' dir='ltr'><strong>facultatem</strong></span> <span class='ocrx_word' id='word_1_120' title='bbox 411 1771 513 1832; x_wconf 91' lang='lat' dir='ltr'><strong>Ovidii</strong></span> <span class='ocrx_word' id='word_1_121' title='bbox 534 1770 595 1831; x_wconf 92' lang='lat' dir='ltr'><strong>fere</strong></span> <span class='ocrx_word' id='word_1_122' title='bbox 624 1772 887 1853; x_wconf 87' lang='lat' dir='ltr'><strong>aequiparaverit2.</strong></span> <span class='ocrx_word' id='word_1_123' title='bbox 915 1794 930 1827; x_wconf 76' lang='lat' dir='ltr'><strong>s</strong></span> <span class='ocrx_word' id='word_1_124' title='bbox 958 1772 1034 1832; x_wconf 89' lang='lat' dir='ltr'><strong>Mihi</strong></span> <span class='ocrx_word' id='word_1_125' title='bbox 1061 1772 1181 1854; x_wconf 89' lang='lat' dir='ltr'><strong>quidem</strong></span> <span class='ocrx_word' id='word_1_126' title='bbox 1205 1772 1272 1832; x_wconf 90' lang='lat' dir='ltr'><strong>tali-</strong></span> 
     </span>
     <span class='ocr_line' id='line_1_15' title="bbox 207 1864 1270 1947; baseline 0 -23"><span class='ocrx_word' id='word_1_127' title='bbox 207 1864 260 1925; x_wconf 92' lang='lat' dir='ltr'><strong>bus</strong></span> <span class='ocrx_word' id='word_1_128' title='bbox 288 1865 413 1925; x_wconf 92' lang='lat' dir='ltr'><strong>decretis</strong></span> <span class='ocrx_word' id='word_1_129' title='bbox 441 1865 518 1925; x_wconf 93' lang='lat' dir='ltr'><strong>inter</strong></span> <span class='ocrx_word' id='word_1_130' title='bbox 546 1884 576 1924; x_wconf 91' lang='lat' dir='ltr'><strong>se</strong></span> <span class='ocrx_word' id='word_1_131' title='bbox 603 1864 805 1947; x_wconf 90' lang='lat' dir='ltr'><strong>pugnantibus</strong></span> <span class='ocrx_word' id='word_1_132' title='bbox 834 1885 939 1947; x_wconf 90' lang='lat' dir='ltr'><strong>parum</strong></span> <span class='ocrx_word' id='word_1_133' title='bbox 965 1866 1145 1926; x_wconf 89' lang='lat' dir='ltr'><strong>auctoritatis</strong></span> <span class='ocrx_word' id='word_1_134' title='bbox 1174 1866 1270 1927; x_wconf 90' lang='lat' dir='ltr'><strong>inesse</strong></span> 
     </span>
     <span class='ocr_line' id='line_1_16' title="bbox 206 1958 1272 2041; baseline 0 -22"><span class='ocrx_word' id='word_1_135' title='bbox 206 1959 331 2033; x_wconf 92' lang='lat' dir='ltr'><strong>videtur,</strong></span> <span class='ocrx_word' id='word_1_136' title='bbox 353 1972 381 2019; x_wconf 87' lang='lat' dir='ltr'><strong>et</strong></span> <span class='ocrx_word' id='word_1_137' title='bbox 396 1958 450 2017; x_wconf 90' lang='lat' dir='ltr'><strong>iste</strong></span> <span class='ocrx_word' id='word_1_138' title='bbox 469 1972 557 2039; x_wconf 89' lang='lat' dir='ltr'><strong>poeta</strong></span> <span class='ocrx_word' id='word_1_139' title='bbox 575 1959 625 2040; x_wconf 89' lang='lat' dir='ltr'><strong>qui</strong></span> <span class='ocrx_word' id='word_1_140' title='bbox 642 1958 812 2019; x_wconf 84' lang='lat' dir='ltr'><strong>facultatem</strong></span> <span class='ocrx_word' id='word_1_141' title='bbox 834 1959 936 2020; x_wconf 89' lang='lat' dir='ltr'><strong>Ovidii</strong></span> <span class='ocrx_word' id='word_1_142' title='bbox 956 1958 1017 2018; x_wconf 92' lang='lat' dir='ltr'><strong>fere</strong></span> <span class='ocrx_word' id='word_1_143' title='bbox 1040 1960 1272 2041; x_wconf 87' lang='lat' dir='ltr'><strong>aequiparaverit</strong></span> 
     </span>
     <span class='ocr_line' id='line_1_17' title="bbox 206 2052 1271 2133; baseline 0 -21"><span class='ocrx_word' id='word_1_144' title='bbox 206 2072 241 2112; x_wconf 88' lang='lat' dir='ltr'><strong>ex</strong></span> <span class='ocrx_word' id='word_1_145' title='bbox 262 2052 523 2133; x_wconf 88' lang='lat' dir='ltr'><strong>grammaticorum</strong></span> <span class='ocrx_word' id='word_1_146' title='bbox 546 2066 644 2111; x_wconf 91' lang='lat' dir='ltr'><strong>mente</strong></span> <span class='ocrx_word' id='word_1_147' title='bbox 665 2066 756 2113; x_wconf 87' lang='lat' dir='ltr'><strong>ortus.</strong></span> <span class='ocrx_word' id='word_1_148' title='bbox 784 2053 923 2113; x_wconf 89' lang='lat' dir='ltr'><strong>Ceterum</strong></span> <span class='ocrx_word' id='word_1_149' title='bbox 943 2071 996 2133; x_wconf 88' lang='lat' dir='ltr'><strong>per</strong></span> <span class='ocrx_word' id='word_1_150' title='bbox 1014 2053 1146 2113; x_wconf 89' lang='lat' dir='ltr'><strong>medium</strong></span> <span class='ocrx_word' id='word_1_151' title='bbox 1165 2073 1271 2113; x_wconf 90' lang='lat' dir='ltr'><strong>aevum</strong></span> 
     </span>
     <span class='ocr_line' id='line_1_18' title="bbox 206 2144 1272 2227; baseline 0.002 -22"><span class='ocrx_word' id='word_1_152' title='bbox 206 2144 297 2205; x_wconf 92' lang='lat' dir='ltr'><strong>lectae</strong></span> <span class='ocrx_word' id='word_1_153' title='bbox 313 2158 341 2205; x_wconf 91' lang='lat' dir='ltr'><strong>et</strong></span> <span class='ocrx_word' id='word_1_154' title='bbox 353 2165 407 2227; x_wconf 89' lang='lat' dir='ltr'><strong>pro</strong></span> <span class='ocrx_word' id='word_1_155' title='bbox 423 2145 572 2205; x_wconf 87' lang='lat' dir='ltr'><strong>Ovidiana</strong></span> <span class='ocrx_word' id='word_1_156' title='bbox 584 2145 700 2205; x_wconf 87' lang='lat' dir='ltr'><strong>habitae</strong></span> <span class='ocrx_word' id='word_1_157' title='bbox 713 2146 800 2226; x_wconf 88' lang='lat' dir='ltr'><strong>epist.</strong></span> <span class='ocrx_word' id='word_1_158' title='bbox 814 2147 886 2205; x_wconf 94' lang='lat' dir='ltr'><strong>XXI</strong></span> <span class='ocrx_word' id='word_1_159' title='bbox 899 2146 1022 2226; x_wconf 88' lang='lat' dir='ltr'><strong>vestigia</strong></span> <span class='ocrx_word' id='word_1_160' title='bbox 1035 2166 1096 2205; x_wconf 92' lang='lat' dir='ltr'><strong>non</strong></span> <span class='ocrx_word' id='word_1_161' title='bbox 1111 2147 1228 2221; x_wconf 91' lang='lat' dir='ltr'><strong>desunt,</strong></span> <span class='ocrx_word' id='word_1_162' title='bbox 1243 2160 1272 2207; x_wconf 89' lang='lat' dir='ltr'><strong>et</strong></span> 
     </span>
     <span class='ocr_line' id='line_1_19' title="bbox 206 2238 1270 2320; baseline -0.001 -20"><span class='ocrx_word' id='word_1_163' title='bbox 206 2240 411 2313; x_wconf 89' lang='lat' dir='ltr'><strong>testimonium</strong></span> <span class='ocrx_word' id='word_1_164' title='bbox 431 2258 543 2299; x_wconf 85' lang='lat' dir='ltr'><strong>novum</strong></span> <span class='ocrx_word' id='word_1_165' title='bbox 558 2239 638 2299; x_wconf 90' lang='lat' dir='ltr'><strong>addit</strong></span> <span class='ocrx_word' id='word_1_166' title='bbox 653 2240 687 2300; x_wconf 88' lang='lat' dir='ltr'><strong>C.</strong></span> <span class='ocrx_word' id='word_1_167' title='bbox 706 2238 885 2320; x_wconf 88' lang='lat' dir='ltr'><strong>Diltheyius,</strong></span> <span class='ocrx_word' id='word_1_168' title='bbox 903 2239 984 2320; x_wconf 90' lang='lat' dir='ltr'><strong>qnod</strong></span> <span class='ocrx_word' id='word_1_169' title='bbox 1004 2239 1039 2298; x_wconf 90' lang='lat' dir='ltr'><strong>ad</strong></span> <span class='ocrx_word' id='word_1_170' title='bbox 1055 2239 1153 2300; x_wconf 90' lang='lat' dir='ltr'><strong>Caroli</strong></span> <span class='ocrx_word' id='word_1_171' title='bbox 1168 2241 1270 2320; x_wconf 86' lang='lat' dir='ltr'><strong>Magni</strong></span> 
     </span>
     <span class='ocr_line' id='line_1_20' title="bbox 207 2332 1271 2415; baseline 0 -23"><span class='ocrx_word' id='word_1_172' title='bbox 207 2348 236 2393; x_wconf 92' lang='lat' dir='ltr'><strong>et</strong></span> <span class='ocrx_word' id='word_1_173' title='bbox 255 2332 399 2392; x_wconf 89' lang='lat' dir='ltr'><strong>Ludovici</strong></span> <span class='ocrx_word' id='word_1_174' title='bbox 419 2333 462 2391; x_wconf 92' lang='lat' dir='ltr'><strong>Pii</strong></span> <span class='ocrx_word' id='word_1_175' title='bbox 477 2345 602 2392; x_wconf 92' lang='lat' dir='ltr'><strong>aetatem</strong></span> <span class='ocrx_word' id='word_1_176' title='bbox 620 2345 742 2413; x_wconf 88' lang='lat' dir='ltr'><strong>spectat,</strong></span> <span class='ocrx_word' id='word_1_177' title='bbox 763 2333 809 2392; x_wconf 91' lang='lat' dir='ltr'><strong>his</strong></span> <span class='ocrx_word' id='word_1_178' title='bbox 828 2332 926 2392; x_wconf 90' lang='lat' dir='ltr'><strong>verbis</strong></span> <span class='ocrx_word' id='word_1_179' title='bbox 945 2354 952 2391; x_wconf 91' lang='lat'><strong>:</strong></span> <span class='ocrx_word' id='word_1_180' title='bbox 974 2357 989 2388; x_wconf 77' lang='lat' dir='ltr'><strong>n</strong></span> <span class='ocrx_word' id='word_1_181' title='bbox 1008 2332 1099 2393; x_wconf 90' lang='lat' dir='ltr'><strong>edidit</strong></span> <span class='ocrx_word' id='word_1_182' title='bbox 1115 2347 1183 2415; x_wconf 90' lang='lat' dir='ltr'><strong>post</strong></span> <span class='ocrx_word' id='word_1_183' title='bbox 1197 2333 1271 2392; x_wconf 92' lang='lat' dir='ltr'><strong>alios</strong></span> 
     </span>
     <span class='ocr_line' id='line_1_21' title="bbox 208 2425 1271 2508; baseline -0.001 -22"><span class='ocrx_word' id='word_1_184' title='bbox 208 2445 302 2508; x_wconf 89' lang='lat' dir='ltr'><strong>nuper</strong></span> <span class='ocrx_word' id='word_1_185' title='bbox 317 2428 457 2506; x_wconf 88' lang='lat' dir='ltr'><strong>Hagenus</strong></span> <span class='ocrx_word' id='word_1_186' title='bbox 476 2425 666 2507; x_wconf 93' lang='lat' dir='ltr'><strong>Theodulphi</strong></span> <span class='ocrx_word' id='word_1_187' title='bbox 686 2427 820 2507; x_wconf 92' lang='lat' dir='ltr'><strong>episcopi</strong></span> <span class='ocrx_word' id='word_1_188' title='bbox 835 2425 1054 2485; x_wconf 90' lang='lat' dir='ltr'><strong>Aurelianensis</strong></span> <span class='ocrx_word' id='word_1_189' title='bbox 1075 2427 1110 2487; x_wconf 89' lang='lat' dir='ltr'><strong>de</strong></span> <span class='ocrx_word' id='word_1_190' title='bbox 1125 2425 1271 2487; x_wconf 91' lang='lat' dir='ltr'><strong>iudicibus</strong></span> 
     </span>
     <span class='ocr_line' id='line_1_22' title="bbox 206 2518 1270 2601; baseline 0.002 -22"><span class='ocrx_word' id='word_1_191' title='bbox 206 2540 320 2595; x_wconf 87' lang='lat' dir='ltr'><strong>versus,</strong></span> <span class='ocrx_word' id='word_1_192' title='bbox 334 2520 384 2601; x_wconf 91' lang='lat' dir='ltr'><strong>qui</strong></span> <span class='ocrx_word' id='word_1_193' title='bbox 397 2532 430 2578; x_wconf 91' lang='lat' dir='ltr'><strong>ut</strong></span> <span class='ocrx_word' id='word_1_194' title='bbox 447 2520 572 2579; x_wconf 93' lang='lat' dir='ltr'><strong>omnino</strong></span> <span class='ocrx_word' id='word_1_195' title='bbox 590 2518 767 2580; x_wconf 90' lang='lat' dir='ltr'><strong>creberrima</strong></span> <span class='ocrx_word' id='word_1_196' title='bbox 781 2518 916 2579; x_wconf 90' lang='lat' dir='ltr'><strong>lectionis</strong></span> <span class='ocrx_word' id='word_1_197' title='bbox 935 2520 1111 2593; x_wconf 75' lang='lat' dir='ltr'><strong>Ouidianae,</strong></span> <span class='ocrx_word' id='word_1_198' title='bbox 1129 2521 1168 2579; x_wconf 89' lang='lat' dir='ltr'><strong>ita</strong></span> <span class='ocrx_word' id='word_1_199' title='bbox 1182 2522 1270 2581; x_wconf 89' lang='lat' dir='ltr'><strong>etiam</strong></span> 
     </span>
     <span class='ocr_line' id='line_1_23' title="bbox 207 2611 1268 2694; baseline 0.002 -20"><span class='ocrx_word' id='word_1_200' title='bbox 207 2614 347 2674; x_wconf 92' lang='lat' dir='ltr'><strong>lectarum</strong></span> <span class='ocrx_word' id='word_1_201' title='bbox 362 2613 480 2673; x_wconf 89' lang='lat' dir='ltr'><strong>Acontii</strong></span> <span class='ocrx_word' id='word_1_202' title='bbox 493 2625 522 2672; x_wconf 91' lang='lat' dir='ltr'><strong>et</strong></span> <span class='ocrx_word' id='word_1_203' title='bbox 537 2613 689 2694; x_wconf 88' lang='lat' dir='ltr'><strong>Cydippae</strong></span> <span class='ocrx_word' id='word_1_204' title='bbox 702 2611 895 2694; x_wconf 89' lang='lat' dir='ltr'><strong>epistularum</strong></span> <span class='ocrx_word' id='word_1_205' title='bbox 909 2614 1033 2693; x_wconf 87' lang='lat' dir='ltr'><strong>vestigia</strong></span> <span class='ocrx_word' id='word_1_206' title='bbox 1050 2614 1216 2688; x_wconf 89' lang='lat' dir='ltr'><strong>continent,</strong></span> <span class='ocrx_word' id='word_1_207' title='bbox 1231 2613 1268 2676; x_wconf 89' lang='lat' dir='ltr'><strong>cf.</strong></span> 
     </span>
     <span class='ocr_line' id='line_1_24' title="bbox 207 2705 1268 2788; baseline 0.002 -22"><span class='ocrx_word' id='word_1_208' title='bbox 207 2708 292 2788; x_wconf 90' lang='lat' dir='ltr'><strong>epist.</strong></span> <span class='ocrx_word' id='word_1_209' title='bbox 313 2707 395 2780; x_wconf 90' lang='lat' dir='ltr'>XXI,</span> <span class='ocrx_word' id='word_1_210' title='bbox 416 2722 485 2783; x_wconf 84' lang='lat'>237,</span> <span class='ocrx_word' id='word_1_211' title='bbox 504 2719 533 2765; x_wconf 92' lang='lat' dir='ltr'><strong>et</strong></span> <span class='ocrx_word' id='word_1_212' title='bbox 549 2705 665 2765; x_wconf 90' lang='lat' dir='ltr'><strong>Theod.</strong></span> <span class='ocrx_word' id='word_1_213' title='bbox 687 2726 716 2766; x_wconf 87' lang='lat' dir='ltr'><strong>v.</strong></span> <span class='ocrx_word' id='word_1_214' title='bbox 738 2721 815 2781; x_wconf 81' lang='lat'>4513</span> <span class='ocrx_word' id='word_1_215' title='bbox 834 2707 919 2788; x_wconf 87' lang='lat' dir='ltr'><strong>epist.</strong></span> <span class='ocrx_word' id='word_1_216' title='bbox 941 2708 1010 2782; x_wconf 89' lang='lat' dir='ltr'><strong>XX,</strong></span> <span class='ocrx_word' id='word_1_217' title='bbox 1033 2709 1087 2783; x_wconf 88' lang='lat'><strong>167</strong></span> <span class='ocrx_word' id='word_1_218' title='bbox 1107 2720 1136 2766; x_wconf 91' lang='lat' dir='ltr'><strong>et</strong></span> <span class='ocrx_word' id='word_1_219' title='bbox 1150 2707 1268 2769; x_wconf 92' lang='lat' dir='ltr'><strong>Theod.</strong></span> 
     </span>
     <span class='ocr_line' id='line_1_25' title="bbox 208 2798 1269 2881; baseline 0 -21"><span class='ocrx_word' id='word_1_220' title='bbox 208 2802 283 2875; x_wconf 81' lang='lat'><strong>644;</strong></span> <span class='ocrx_word' id='word_1_221' title='bbox 298 2800 383 2880; x_wconf 89' lang='lat' dir='ltr'><strong>epist.</strong></span> <span class='ocrx_word' id='word_1_222' title='bbox 400 2800 482 2874; x_wconf 94' lang='lat' dir='ltr'>XXI,</span> <span class='ocrx_word' id='word_1_223' title='bbox 498 2819 517 2873; x_wconf 82' lang='lat'><strong>4</strong></span> <span class='ocrx_word' id='word_1_224' title='bbox 532 2812 561 2858; x_wconf 91' lang='lat' dir='ltr'><strong>et</strong></span> <span class='ocrx_word' id='word_1_225' title='bbox 572 2798 689 2859; x_wconf 93' lang='lat' dir='ltr'><strong>Theod.</strong></span> <span class='ocrx_word' id='word_1_226' title='bbox 707 2802 781 2874; x_wconf 82' lang='lat'>6603</span> <span class='ocrx_word' id='word_1_227' title='bbox 799 2800 956 2881; x_wconf 88' lang='lat' dir='ltr'><strong>praecipue</strong></span> <span class='ocrx_word' id='word_1_228' title='bbox 968 2801 1036 2870; x_wconf 87' lang='lat' dir='ltr'><strong>XX,</strong></span> <span class='ocrx_word' id='word_1_229' title='bbox 1052 2802 1098 2877; x_wconf 82' lang='lat'><strong>36,</strong></span> <span class='ocrx_word' id='word_1_230' title='bbox 1114 2814 1141 2859; x_wconf 92' lang='lat' dir='ltr'><strong>et</strong></span> <span class='ocrx_word' id='word_1_231' title='bbox 1151 2800 1269 2861; x_wconf 93' lang='lat' dir='ltr'><strong>Theod.</strong></span> 
     </span>
     <span class='ocr_line' id='line_1_26' title="bbox 208 2892 1270 2974; baseline -0.002 -20"><span class='ocrx_word' id='word_1_232' title='bbox 208 2905 296 2968; x_wconf 80' lang='lat'><strong>2403.</strong></span> <span class='ocrx_word' id='word_1_233' title='bbox 324 2916 339 2949; x_wconf 75' lang='lat' dir='ltr'><strong>a</strong></span> <span class='ocrx_word' id='word_1_234' title='bbox 362 2894 491 2974; x_wconf 89' lang='lat' dir='ltr'><strong>Apparet</strong></span> <span class='ocrx_word' id='word_1_235' title='bbox 510 2893 609 2973; x_wconf 88' lang='lat' dir='ltr'><strong>igitur,</strong></span> <span class='ocrx_word' id='word_1_236' title='bbox 631 2912 690 2973; x_wconf 91' lang='lat' dir='ltr'><strong>quo</strong></span> <span class='ocrx_word' id='word_1_237' title='bbox 710 2894 805 2953; x_wconf 87' lang='lat' dir='ltr'><strong>maior</strong></span> <span class='ocrx_word' id='word_1_238' title='bbox 825 2913 894 2952; x_wconf 90' lang='lat' dir='ltr'><strong>cura</strong></span> <span class='ocrx_word' id='word_1_239' title='bbox 908 2894 954 2953; x_wconf 92' lang='lat' dir='ltr'><strong>his</strong></span> <span class='ocrx_word' id='word_1_240' title='bbox 968 2892 1100 2973; x_wconf 92' lang='lat' dir='ltr'><strong>epistulis</strong></span> <span class='ocrx_word' id='word_1_241' title='bbox 1120 2894 1270 2974; x_wconf 90' lang='lat' dir='ltr'><strong>impenda-</strong></span> 
     </span>
     <span class='ocr_line' id='line_1_27' title="bbox 207 2985 1271 3067; baseline 0 -20"><span class='ocrx_word' id='word_1_242' title='bbox 207 3002 265 3061; x_wconf 88' lang='lat' dir='ltr'><strong>tur,</strong></span> <span class='ocrx_word' id='word_1_243' title='bbox 288 3006 366 3046; x_wconf 87' lang='lat' dir='ltr'><strong>nova</strong></span> <span class='ocrx_word' id='word_1_244' title='bbox 384 2986 511 3045; x_wconf 89' lang='lat' dir='ltr'><strong>inveniri</strong></span> <span class='ocrx_word' id='word_1_245' title='bbox 532 2986 651 3045; x_wconf 88' lang='lat' dir='ltr'><strong>cottidie</strong></span> <span class='ocrx_word' id='word_1_246' title='bbox 671 2987 853 3061; x_wconf 87' lang='lat' dir='ltr'><strong>testimonia,</strong></span> <span class='ocrx_word' id='word_1_247' title='bbox 875 2985 981 3067; x_wconf 92' lang='lat' dir='ltr'><strong>quibus</strong></span> <span class='ocrx_word' id='word_1_248' title='bbox 995 2985 1067 3047; x_wconf 90' lang='lat' dir='ltr'><strong>haec</strong></span> <span class='ocrx_word' id='word_1_249' title='bbox 1084 2988 1214 3046; x_wconf 91' lang='lat' dir='ltr'><strong>carmina</strong></span> <span class='ocrx_word' id='word_1_250' title='bbox 1235 2987 1271 3047; x_wconf 93' lang='lat' dir='ltr'><strong>ab</strong></span> 
     </span>
     <span class='ocr_line' id='line_1_28' title="bbox 208 3076 1269 3161; baseline -0.002 -21"><span class='ocrx_word' id='word_1_251' title='bbox 208 3080 335 3161; x_wconf 88' lang='lat' dir='ltr'><strong>antiquis</strong></span> <span class='ocrx_word' id='word_1_252' title='bbox 350 3092 381 3137; x_wconf 92' lang='lat' dir='ltr'><strong>ut</strong></span> <span class='ocrx_word' id='word_1_253' title='bbox 396 3078 543 3138; x_wconf 84' lang='lat' dir='ltr'><strong>ovidiana</strong></span> <span class='ocrx_word' id='word_1_254' title='bbox 555 3076 682 3137; x_wconf 89' lang='lat' dir='ltr'><strong>lectitata</strong></span> <span class='ocrx_word' id='word_1_255' title='bbox 692 3097 755 3137; x_wconf 89' lang='lat' dir='ltr'><strong>esse</strong></span> <span class='ocrx_word' id='word_1_256' title='bbox 771 3092 885 3138; x_wconf 89' lang='lat' dir='ltr'><strong>constet</strong></span> <span class='ocrx_word' id='word_1_257' title='bbox 900 3099 906 3137; x_wconf 91' lang='lat'>:</span> <span class='ocrx_word' id='word_1_258' title='bbox 925 3078 963 3137; x_wconf 89' lang='lat' dir='ltr'><strong>ita</strong></span> <span class='ocrx_word' id='word_1_259' title='bbox 976 3092 1005 3137; x_wconf 88' lang='lat' dir='ltr'><strong>et</strong></span> <span class='ocrx_word' id='word_1_260' title='bbox 1019 3078 1155 3159; x_wconf 89' lang='lat' dir='ltr'><strong>Sapphus</strong></span> <span class='ocrx_word' id='word_1_261' title='bbox 1170 3080 1269 3159; x_wconf 77' lang='lat' dir='ltr'><strong>epist,</strong></span> 
     </span>
     <span class='ocr_line' id='line_1_29' title="bbox 207 3171 1271 3255; baseline -0.002 -22"><span class='ocrx_word' id='word_1_262' title='bbox 207 3193 282 3255; x_wconf 90' lang='lat' dir='ltr'><strong>quae</strong></span> <span class='ocrx_word' id='word_1_263' title='bbox 297 3171 458 3254; x_wconf 90' lang='lat' dir='ltr'><strong>plurimum</strong></span> <span class='ocrx_word' id='word_1_264' title='bbox 473 3172 644 3251; x_wconf 86' lang='lat' dir='ltr'><strong>impugnata</strong></span> <span class='ocrx_word' id='word_1_265' title='bbox 656 3185 727 3247; x_wconf 91' lang='lat' dir='ltr'><strong>erat,</strong></span> <span class='ocrx_word' id='word_1_266' title='bbox 743 3172 812 3253; x_wconf 90' lang='lat' dir='ltr'><strong>quia</strong></span> <span class='ocrx_word' id='word_1_267' title='bbox 825 3171 865 3230; x_wconf 93' lang='lat' dir='ltr'><strong>illi</strong></span> <span class='ocrx_word' id='word_1_268' title='bbox 876 3172 1055 3253; x_wconf 89' lang='lat' dir='ltr'><strong>praesidium</strong></span> <span class='ocrx_word' id='word_1_269' title='bbox 1065 3173 1271 3252; x_wconf 87' lang='lat' dir='ltr'><strong>praestiterunt</strong></span> 
     </span>
     <span class='ocr_line' id='line_1_30' title="bbox 208 3264 1268 3347; baseline -0.003 -20"><span class='ocrx_word' id='word_1_270' title='bbox 208 3266 313 3327; x_wconf 89' lang='lat' dir='ltr'><strong>eruditi</strong></span> <span class='ocrx_word' id='word_1_271' title='bbox 324 3266 392 3338; x_wconf 90' lang='lat' dir='ltr'><strong>viri,</strong></span> <span class='ocrx_word' id='word_1_272' title='bbox 411 3264 531 3324; x_wconf 89' lang='lat' dir='ltr'><strong>tandem</strong></span> <span class='ocrx_word' id='word_1_273' title='bbox 546 3264 577 3324; x_wconf 92' lang='lat' dir='ltr'><strong>in</strong></span> <span class='ocrx_word' id='word_1_274' title='bbox 591 3265 787 3345; x_wconf 89' lang='lat' dir='ltr'><strong>genuinarum</strong></span> <span class='ocrx_word' id='word_1_275' title='bbox 806 3265 971 3324; x_wconf 90' lang='lat' dir='ltr'><strong>Heroidum</strong></span> <span class='ocrx_word' id='word_1_276' title='bbox 987 3284 1112 3325; x_wconf 91' lang='lat' dir='ltr'><strong>numero</strong></span> <span class='ocrx_word' id='word_1_277' title='bbox 1127 3265 1268 3347; x_wconf 82' lang='lat' dir='ltr'><strong>quiescit3</strong></span> 
     </span>
     <span class='ocr_line' id='line_1_31' title="bbox 208 3355 1270 3439; baseline -0.001 -20"><span class='ocrx_word' id='word_1_278' title='bbox 208 3375 237 3420; x_wconf 88' lang='lat' dir='ltr'><strong>et</strong></span> <span class='ocrx_word' id='word_1_279' title='bbox 250 3359 373 3420; x_wconf 87' lang='lat' dir='ltr'><strong>fortasse</strong></span> <span class='ocrx_word' id='word_1_280' title='bbox 390 3357 445 3418; x_wconf 90' lang='lat' dir='ltr'><strong>alia</strong></span> <span class='ocrx_word' id='word_1_281' title='bbox 457 3355 623 3418; x_wconf 89' lang='lat' dir='ltr'><strong>labentibus</strong></span> <span class='ocrx_word' id='word_1_282' title='bbox 640 3358 725 3417; x_wconf 89' lang='lat' dir='ltr'><strong>annis</strong></span> <span class='ocrx_word' id='word_1_283' title='bbox 742 3357 941 3439; x_wconf 86' lang='lat' dir='ltr'><strong>proferentur,</strong></span> <span class='ocrx_word' id='word_1_284' title='bbox 959 3357 1065 3439; x_wconf 89' lang='lat' dir='ltr'><strong>quibus</strong></span> <span class='ocrx_word' id='word_1_285' title='bbox 1084 3359 1141 3417; x_wconf 95' lang='lat' dir='ltr'><strong>XX</strong></span> <span class='ocrx_word' id='word_1_286' title='bbox 1157 3371 1187 3417; x_wconf 92' lang='lat' dir='ltr'><strong>et</strong></span> <span class='ocrx_word' id='word_1_287' title='bbox 1201 3360 1270 3418; x_wconf 94' lang='lat' dir='ltr'><strong>XXI</strong></span> 
     </span>
     <span class='ocr_line' id='line_1_32' title="bbox 208 3451 1271 3535; baseline -0.002 -22"><span class='ocrx_word' id='word_1_288' title='bbox 208 3455 307 3535; x_wconf 83' lang='lat' dir='ltr'><strong>epist,</strong></span> <span class='ocrx_word' id='word_1_289' title='bbox 331 3454 405 3512; x_wconf 90' lang='lat' dir='ltr'><strong>sicut</strong></span> <span class='ocrx_word' id='word_1_290' title='bbox 426 3464 537 3512; x_wconf 88' lang='lat' dir='ltr'><strong>ceteras</strong></span> <span class='ocrx_word' id='word_1_291' title='bbox 556 3451 688 3511; x_wconf 91' lang='lat' dir='ltr'><strong>eiusdem</strong></span> <span class='ocrx_word' id='word_1_292' title='bbox 707 3453 808 3532; x_wconf 88' lang='lat' dir='ltr'><strong>partis,</strong></span> <span class='ocrx_word' id='word_1_293' title='bbox 832 3452 952 3533; x_wconf 89' lang='lat' dir='ltr'><strong>propria</strong></span> <span class='ocrx_word' id='word_1_294' title='bbox 971 3451 1074 3512; x_wconf 92' lang='lat' dir='ltr'><strong>Ovidii</strong></span> <span class='ocrx_word' id='word_1_295' title='bbox 1096 3471 1160 3511; x_wconf 91' lang='lat' dir='ltr'><strong>esse</strong></span> <span class='ocrx_word' id='word_1_296' title='bbox 1181 3470 1271 3532; x_wconf 86' lang='lat' dir='ltr'><strong>opera</strong></span> 
     </span>
     <span class='ocr_line' id='line_1_33' title="bbox 208 3544 1271 3626; baseline -0.002 -19"><span class='ocrx_word' id='word_1_297' title='bbox 208 3544 441 3618; x_wconf 88' lang='lat' dir='ltr'><strong>confirmabitur,</strong></span> <span class='ocrx_word' id='word_1_298' title='bbox 472 3564 568 3626; x_wconf 89' lang='lat' dir='ltr'><strong>neque</strong></span> <span class='ocrx_word' id='word_1_299' title='bbox 597 3546 632 3603; x_wconf 93' lang='lat' dir='ltr'><strong>iis</strong></span> <span class='ocrx_word' id='word_1_300' title='bbox 656 3544 817 3626; x_wconf 92' lang='lat' dir='ltr'><strong>quidquam</strong></span> <span class='ocrx_word' id='word_1_301' title='bbox 845 3546 982 3606; x_wconf 85' lang='lat' dir='ltr'><strong>nocuisse</strong></span> <span class='ocrx_word' id='word_1_302' title='bbox 1014 3544 1070 3604; x_wconf 92' lang='lat' dir='ltr'><strong>nisi</strong></span> <span class='ocrx_word' id='word_1_303' title='bbox 1100 3544 1271 3605; x_wconf 90' lang='lat' dir='ltr'><strong>foedissime</strong></span> 
     </span>
     <span class='ocr_line' id='line_1_34' title="bbox 209 3640 543 3701; baseline -0.006 0"><span class='ocrx_word' id='word_1_304' title='bbox 209 3640 405 3701; x_wconf 86' lang='lat' dir='ltr'><strong>deformatum</strong></span> <span class='ocrx_word' id='word_1_305' title='bbox 420 3652 543 3699; x_wconf 89' lang='lat' dir='ltr'><strong>textum.</strong></span> 
     </span>
    </p>
   </div>
   <div class='ocr_carea' id='block_1_5' title="bbox 240 3869 787 4087">
    <p class='ocr_par' dir='ltr' id='par_1_5' title="bbox 240 3869 787 4087">
     <span class='ocr_line' id='line_1_35' title="bbox 241 3869 787 3932; baseline 0 -14"><span class='ocrx_word' id='word_1_306' title='bbox 241 3886 262 3920; x_wconf 95' lang='lat'><strong>1.</strong></span> <span class='ocrx_word' id='word_1_307' title='bbox 280 3871 316 3917; x_wconf 93' lang='lat' dir='ltr'><strong>De</strong></span> <span class='ocrx_word' id='word_1_308' title='bbox 326 3869 419 3917; x_wconf 73' lang='lat' dir='ltr'><strong>Qllim.</strong></span> <span class='ocrx_word' id='word_1_309' title='bbox 434 3869 521 3932; x_wconf 62' lang='lat' dir='ltr'><strong>Cydip,</strong></span> <span class='ocrx_word' id='word_1_310' title='bbox 534 3877 568 3931; x_wconf 85' lang='lat' dir='ltr'><strong>op.</strong></span> <span class='ocrx_word' id='word_1_311' title='bbox 581 3869 630 3925; x_wconf 76' lang='lat' dir='ltr'><strong>cit..</strong></span> <span class='ocrx_word' id='word_1_312' title='bbox 642 3884 665 3931; x_wconf 92' lang='lat' dir='ltr'><strong>p.</strong></span> <span class='ocrx_word' id='word_1_313' title='bbox 677 3882 717 3927; x_wconf 87' lang='lat'><strong>41.</strong></span> <span class='ocrx_word' id='word_1_314' title='bbox 730 3869 787 3918; x_wconf 85' lang='lat' dir='ltr'><strong>Not.</strong></span> 
     </span>
     <span class='ocr_line' id='line_1_36' title="bbox 240 3946 736 4008; baseline 0 -15"><span class='ocrx_word' id='word_1_315' title='bbox 240 3960 262 3995; x_wconf 88' lang='lat'><strong>2.</strong></span> <span class='ocrx_word' id='word_1_316' title='bbox 281 3946 371 3993; x_wconf 69' lang='lat' dir='ltr'><strong>Obstru.</strong></span> <span class='ocrx_word' id='word_1_317' title='bbox 384 3946 408 3991; x_wconf 81' lang='lat' dir='ltr'><strong>in</strong></span> <span class='ocrx_word' id='word_1_318' title='bbox 423 3946 484 4007; x_wconf 77' lang='lat' dir='ltr'><strong>epist.</strong></span> <span class='ocrx_word' id='word_1_319' title='bbox 497 3946 553 4003; x_wconf 63' lang='lat' dir='ltr'><strong>her„</strong></span> <span class='ocrx_word' id='word_1_320' title='bbox 566 3953 599 4005; x_wconf 88' lang='lat' dir='ltr'><strong>op.</strong></span> <span class='ocrx_word' id='word_1_321' title='bbox 612 3946 660 4001; x_wconf 72' lang='lat' dir='ltr'><strong>cit„</strong></span> <span class='ocrx_word' id='word_1_322' title='bbox 674 3960 698 4008; x_wconf 87' lang='lat' dir='ltr'><strong>p.</strong></span> <span class='ocrx_word' id='word_1_323' title='bbox 712 3959 736 4007; x_wconf 92' lang='lat'><strong>7.</strong></span> 
     </span>
     <span class='ocr_line' id='line_1_37' title="bbox 242 4020 751 4087; baseline -0.002 -17"><span class='ocrx_word' id='word_1_324' title='bbox 242 4035 263 4082; x_wconf 66' lang='grc' dir='ltr'><strong>ς.</strong></span> <span class='ocrx_word' id='word_1_325' title='bbox 282 4021 381 4079; x_wconf 72' lang='lat' dir='ltr'><strong>observ,</strong></span> <span class='ocrx_word' id='word_1_326' title='bbox 396 4032 449 4079; x_wconf 90' lang='lat' dir='ltr'><strong>etc.,</strong></span> <span class='ocrx_word' id='word_1_327' title='bbox 464 4036 487 4087; x_wconf 92' lang='lat' dir='ltr'><strong>p.</strong></span> <span class='ocrx_word' id='word_1_328' title='bbox 501 4035 539 4071; x_wconf 89' lang='lat'><strong>21.</strong></span> <span class='ocrx_word' id='word_1_329' title='bbox 554 4020 590 4071; x_wconf 89' lang='lat' dir='ltr'><strong>Cf.</strong></span> <span class='ocrx_word' id='word_1_330' title='bbox 604 4020 663 4067; x_wconf 89' lang='lat' dir='ltr'><strong>infra</strong></span> <span class='ocrx_word' id='word_1_331' title='bbox 675 4036 696 4070; x_wconf 93' lang='lat' dir='ltr'><strong>c.</strong></span> <span class='ocrx_word' id='word_1_332' title='bbox 709 4020 751 4071; x_wconf 93' lang='lat' dir='ltr'><strong>VI.</strong></span> 
     </span>
    </p>
   </div>
   <div class='ocr_carea' id='block_1_6' title="bbox 0 0 1592 5017">
    <p class='ocr_par' dir='ltr' id='par_1_6' title="bbox 0 0 1592 5017">
     <span class='ocr_line' id='line_1_38' title="bbox 0 0 1592 5017; baseline 0 0"><span class='ocrx_word' id='word_1_333' title='bbox 0 0 1592 5017; x_wconf 95' lang='lat' dir='ltr'><strong> </strong></span> 
     </span>
    </p>
   </div>
  </div>
 </body>
</html>
