3159 5017
186 663 291 705 omnes
306 640 470 704 Ovidianae
488 642 556 717 sint,
573 642 646 703 adeo
668 656 697 702 et
718 642 805 702 rebus
821 656 850 701 et
866 640 962 701 verbis
976 640 1131 723 proprium
1146 638 1247 701 nescio

186 736 257 818 quid
269 736 357 795 huius
371 749 476 816 poetae
488 735 625 794 videntur
639 734 781 795 redolere.
797 734 874 794 Nam
885 754 953 794 cum
963 736 1115 794 materiam
1125 754 1247 795 omnem

187 830 450 910 inventionemque
486 847 587 887 earum
624 829 781 910 cuiusque,
825 842 854 888 et
888 848 986 888 rerum
1023 828 1248 910 dispositionem

186 936 337 1003 artemque
355 920 564 1002 amplificandi,
586 935 735 1002 praeterea
752 920 919 981 affectatum
936 920 1070 1002 cupidius
1084 920 1249 981 fabularum

187 1029 216 1075 et
251 1015 430 1096 antiquitatis
463 1034 550 1074 usum
583 1013 797 1095 profusumque
828 1014 964 1075 narrandi
997 1029 1026 1075 et
1067 1014 1249 1075 describendi

187 1109 327 1183 studium,
348 1108 475 1189 denique
494 1121 590 1167 totum
612 1106 677 1188 styli
697 1108 897 1189 orationisque
913 1108 1047 1168 habitum
1067 1122 1095 1168 et
1115 1122 1250 1169 tenorem

187 1201 319 1283 diligenti
347 1220 416 1261 cura
447 1201 594 1282 perspexi,
632 1199 815 1262 Ouidianum
847 1191 979 1262 colorem
1005 1201 1113 1261 referre
1145 1221 1251 1262 omnes

188 1295 332 1355 Heroides
351 1295 430 1354 visae
452 1308 530 1369 sunt,
552 1307 581 1354 et
598 1292 692 1355 multo
710 1294 921 1356 mirabiliorem
941 1295 1070 1356 futuram
1084 1295 1172 1356 fuisse
1188 1316 1249 1356 rem

187 1388 267 1464 duxi,
286 1389 310 1447 si
323 1388 382 1448 duo
397 1389 574 1447 exstitissent
590 1402 695 1469 poetae
708 1403 768 1449 tam
780 1389 864 1449 fluidi
880 1403 909 1449 et
924 1388 1016 1450 felicis
1032 1390 1143 1470 ingenii
1157 1410 1249 1471 quan·

186 1496 249 1542 tum
273 1482 304 1541 in
324 1482 371 1541 his
395 1481 573 1541 carminibus
596 1481 761 1557 exhibetur,
787 1497 820 1543 ut
845 1503 1018 1564 persuasum
1038 1483 1162 1543 habeam
1186 1503 1249 1543 esse

187 1576 261 1635 haec
277 1576 339 1635 eius
354 1576 401 1635 cui
417 1595 533 1657 semper
546 1574 682 1635 attributa
700 1576 767 1635 sint.

228 1671 288 1730 lam
301 1669 463 1729 accuratius
476 1670 667 1750 introspicere
679 1670 759 1729 iuvat
773 1669 912 1751 epistulas
925 1670 961 1729 de
972 1670 1077 1752 quibus
1092 1670 1249 1752 aliquando

187 1762 355 1844 ambigitur,
378 1776 407 1822 et
427 1762 572 1844 quaedam
594 1762 630 1823 de
652 1761 774 1845 singulis
797 1783 946 1844 exponere
970 1784 1044 1845 quae
1074 1766 1249 1847 opinionem

187 1870 318 1916 nostram
330 1855 444 1916 firmius
458 1856 661 1917 corroborent.
679 1858 715 1915 Et
728 1870 760 1916 ut
773 1857 809 1916 ad
819 1858 875 1917 XV
885 1857 1040 1939 epistulam
1055 1871 1248 1933 transeamus,

187 1970 261 2031 quae
279 1949 442 2031 plurimum
463 1950 635 2031 impugnata
654 1964 708 2024 est,
729 1951 877 2010 reicienda
893 1970 998 2011 eorum
1016 1964 1060 2010 est
1079 1952 1182 2031 opinio
1199 1952 1250 2033 qui

187 2042 263 2103 hanc
277 2043 388 2104 Ouidio
401 2043 553 2124 indignam
568 2056 625 2103 eta
641 2042 751 2104 Sabino
764 2058 814 2103 aut
830 2045 936 2125 quovis
954 2043 1012 2103 alio
1027 2043 1248 2105 adulescentulo

188 2138 324 2217 scriptam
348 2156 412 2196 esse
435 2150 567 2196 censent.
597 2137 674 2196 Nam
698 2138 840 2218 primum,
865 2150 897 2197 ut
923 2136 1078 2218 epistulam
1102 2138 1250 2219 quandam

187 2230 324 2311 Sapphus
341 2230 377 2290 ad
397 2230 550 2289 Phaonem
571 2250 588 2289 a
608 2231 728 2291 Nasone
748 2231 956 2291 concinnatam
973 2245 1002 2291 et
1018 2230 1168 2313 vulgatam
1187 2251 1250 2291 esse

188 2324 369 2398 evincamus,
399 2324 429 2382 in
454 2336 595 2404 promptu
625 2324 684 2384 hoc
711 2338 754 2384 est
781 2338 1008 2406 argumentum3
1036 2325 1066 2384 in
1091 2324 1143 2385 illo
1167 2326 1248 2384 enim

187 2418 303 2498 saepius
326 2415 472 2477 celebrato
489 2418 634 2478 Amorum
654 2416 721 2478 loco
738 2437 840 2477 versus
861 2417 999 2500 leguntur
1018 2419 1170 2500 conspicui
1193 2416 1246 2494 illi,

189 2510 226 2585 ll,
245 2512 291 2587 18,
309 2530 342 2571 21
363 2530 428 2591 sqq.
447 2531 453 2569 :

382 2656 525 2713 Scribimus
532 2698 769 2714 ..............

380 2742 515 2815 Quodque
529 2755 622 2797 tenens
633 2743 752 2797 strictum
767 2742 839 2796 Dido
851 2742 1005 2798 miserabilis
1018 2760 1114 2799 ensem

381 2826 466 2893 Dicat,
479 2840 504 2881 et
515 2827 625 2882 Aeoliae
637 2828 726 2882 Lesbis
738 2839 824 2881 amata
837 2827 925 2900 lyrae;

188 2965 266 3024 unde
280 2963 469 3025 manifestum
479 2980 522 3026 est
537 2980 586 3026 aut
600 2965 780 3048 deperditam
796 2967 921 3028 omnino
931 2965 1012 3027 illam
1025 2967 1126 3028 Ovidii
1141 2968 1249 3050 epistu-

188 3056 246 3118 lam
254 3078 318 3118 esse
331 3072 359 3119 et
372 3058 449 3118 hanc
462 3060 549 3141 igitur
557 3060 592 3121 ab
601 3060 796 3120 audacissimo
804 3061 936 3141 quidem,
947 3061 997 3122 sed
1008 3061 1251 3142 ingeniosissimo

189 3166 265 3212 certe
288 3166 375 3233 poeta
399 3154 561 3213 recentiore
586 3154 734 3235 scriptam,
757 3167 807 3213 aut
830 3154 955 3214 eandem
978 3155 1055 3214 hanc
1077 3175 1140 3214 esse
1162 3175 1251 3236 quam

189 3245 390 3327 composuisse
415 3266 445 3305 se
468 3247 530 3327 ipse
552 3246 648 3306 verbis
674 3246 834 3306 enucleatis
851 3247 986 3308 declarat.
1009 3248 1201 3317 Quinetiam
1223 3262 1252 3307 et

188 3339 414 3420 responsionem
434 3339 534 3401 Sabini
558 3340 588 3399 in
610 3341 717 3401 eodem
739 3339 808 3400 loco
832 3354 989 3417 memorat,
1012 3361 1080 3401 cum
1103 3341 1248 3423 adiungit,

189 3432 271 3508 Am„
289 3432 338 3493 loc.
351 3431 397 3492 cit.
415 3453 422 3491 ε

384 3578 479 3634 Tristis
493 3580 525 3634 ad
540 3580 704 3653 Hypsipylen
716 3580 748 3634 ab
759 3581 855 3635 Iasone
866 3580 952 3635 littera
964 3581 1036 3635 venit
1046 3598 1053 3646 3

381 3664 433 3718 Det
447 3678 537 3719 votam
549 3664 659 3719 Phoebo
670 3665 759 3719 Lesbis
771 3679 860 3719 amata
873 3666 975 3738 lyram;

189 3819 224 3859 ex
251 3820 310 3881 quo
335 3799 449 3877 lectori,
474 3802 525 3883 qui
553 3800 685 3883 diligenti
711 3802 808 3862 studio
842 3802 989 3864 Heroides
1015 3801 1247 3883 pertractaverit,

189 3893 499 4049 pggicdissimeglyquebit
517 3894 645 3956 alludere
662 3895 711 3955 hic
729 3908 848 3975 poetam
862 3895 988 3977 pulchro
1006 3896 1048 3956 illi
1066 3896 1158 3977 Epist.
1176 3896 1246 3976 Sap.

260 4034 268 4063 ,
285 4007 314 4048 v.
337 4007 348 4048 1
411 4010 417 4047 :
