3159 5017
780 478 940 556 -36-2

326 607 381 673 bus
394 628 499 693 parum
515 605 659 671 officient}
671 608 791 671 Etenim
805 610 905 671 omnis
914 608 976 672 lere
987 608 1148 673 affectuum
1161 610 1287 673 varietas
1296 610 1392 675 oculis

327 706 435 767 nostris
449 719 516 787 apte
532 702 684 765 subicitur.
709 705 785 765 Sane
805 704 966 765 sententias
984 703 1048 765 illas
1066 704 1145 766 haud
1160 704 1289 768 multum
1306 728 1390 783 curo,

326 798 550 883 quibusaliquid
558 798 721 881 generatim
731 799 911 880 praecipitur
926 812 947 873 ¹,
957 812 987 859 et
994 818 1068 881 quae
1076 799 1226 883 Euripidis
1233 798 1391 884 aliquando

325 894 522 963 imitationem
537 891 679 975 produnt,
696 893 779 967 XXI,
800 910 855 971 137
873 915 882 955 z

484 1027 563 1092 Quae
576 1028 646 1082 iurat
660 1044 737 1082 mens
749 1039 803 1092 est;
815 1026 853 1081 nil
865 1027 1064 1083 coniuravimus
1077 1025 1122 1082 illa
1133 1038 1156 1085 ³.

363 1166 421 1231 Sed
436 1165 570 1249 quamvis
585 1184 804 1248 nonnunquam
817 1162 921 1247 irigeat
934 1164 1056 1241 femina,
1069 1185 1156 1250 quae,
1167 1166 1204 1227 de
1218 1186 1319 1227 amore
1333 1163 1388 1228 suo

323 1261 461 1345 loquens,
483 1260 514 1320 in
531 1278 641 1342 genere
664 1258 807 1321 disserere
823 1258 967 1335 videatur,
989 1259 1188 1322 nihilomiuus
1208 1281 1278 1323 vera
1296 1260 1390 1323 enitet

322 1355 414 1417 animi
429 1353 597 1435 descriptio,
615 1354 667 1427 IV,
683 1356 741 1413 26:

480 1493 532 1547 Ars
544 1491 574 1546 fit
588 1490 659 1547 ubia
672 1492 769 1546 teneris
783 1492 885 1546 crimen
898 1491 1060 1547 condiscitur
1073 1493 1166 1559 annis3

480 1578 558 1646 Quae
571 1577 644 1631 venit
656 1589 750 1632 exacto
761 1588 892 1649 tempore,
909 1577 983 1648 peius
992 1589 1073 1632 amat.

360 1720 393 1780 In
405 1716 461 1776 hac
473 1714 593 1798 quidem
608 1728 689 1797 parte
701 1716 813 1777 eminet
827 1714 967 1790 Ovidius,
986 1730 1019 1777 ut
1033 1716 1084 1799 qui
1101 1736 1207 1777 omues
1221 1716 1385 1778 amantium

319 1810 452 1884 affectus,
469 1809 705 1871 dumeorinnae
721 1808 905 1891 aliarumque
921 1829 1022 1871 amore
1033 1810 1128 1885 ardet,
1144 1824 1281 1891 expertus
1296 1823 1383 1872 esset.

321 1905 392 1967 Ideo
414 1903 496 1987 quasi
516 1904 658 1964 stationes
676 1916 707 1963 et
724 1902 832 1985 gradus
853 1923 959 1964 omnes
975 1903 1082 1965 callide
1104 1917 1187 1965 notat
1204 1922 1258 1985 per
1278 1924 1353 1986 quos
1368 1924 1385 1965 a

319 1996 532 2081 primocalore
554 1996 591 2057 ad
609 1995 861 2058 ferventissimum
879 1996 1016 2058 ardorem
1033 1998 1150 2058 animus
1169 1997 1334 2073 adducitur,
1355 2011 1384 2058 et

318 2091 440 2154 militiae
457 2109 600 2152 venereae
617 2090 775 2151 emeritum
795 2104 967 2151 veteranum
986 2092 1187 2172 agnoscimus,
1209 2090 1281 2151 dum
1295 2089 1384 2151 lemi-

316 2205 420 2247 narum
433 2184 550 2245 illarum
565 2184 693 2245 orientes
707 2184 839 2265 primum
856 2185 952 2267 ignes,
969 2198 1034 2245 tum
1050 2204 1129 2265 spes,
1140 2184 1257 2267 gaudia,
1270 2183 1379 2245 sollici·

315 2280 444 2355 tudines,
463 2278 660 2359 suspiciones,
688 2278 759 2353 iras,
781 2277 1000 2360 desperationes
1028 2292 1058 2339 et
1083 2277 1197 2339 furores
1227 2276 1380 2338 describit.

315 2374 425 2456 Aspice
442 2392 532 2455 quam
547 2370 664 2431 decenti
681 2384 711 2431 et
725 2372 869 2454 exquisita
881 2370 1041 2434 subtilitate
1058 2371 1174 2434 Canace
1186 2372 1381 2454 incipientem

315 2486 447 2529 amorem
461 2464 606 2547 designet,
622 2465 677 2539 Xl,
693 2480 728 2540 27
748 2488 755 2527 ε

437 2614 497 2685 Ipsa
508 2629 615 2685 quoque
629 2610 735 2678 incalui,
750 2612 909 2691 qualemque
920 2612 1010 2667 audire
1021 2612 1139 2669 solebam

436 2697 534 2753 Nescio
544 2714 625 2771 quem
640 2697 710 2753 senti
724 2697 802 2753 corde
815 2710 920 2771 tepente
931 2699 1022 2752 deum.

436 2782 551 2855 Fugerat
563 2798 609 2837 ore
622 2781 708 2849 color3
725 2784 823 2837 macies
836 2783 980 2837 adduxerat
994 2796 1084 2851 artus;

436 2867 583 2922 Sumebant
599 2868 727 2924 minimos
738 2884 785 2922 ora
794 2880 884 2923 coacta
897 2867 987 2934 cibos;

434 2952 492 3007 Nec
507 2952 595 3007 somni
607 2951 704 3019 faciles,
720 2965 747 3008 et
759 2970 813 3007 nox
823 2964 878 3007 erat
887 2970 978 3007 annua
987 2952 1074 3017 nobis,

434 3036 468 3091 Et
481 3038 614 3109 gemitum
624 3036 698 3092 nullo
712 3036 782 3091 laesa
794 3037 887 3091 dolore
900 3037 1007 3091 dabam.

433 3121 500 3188 Nec,
521 3138 568 3176 cur
579 3122 644 3177 haec
659 3121 782 3189 facerem,
799 3135 919 3195 poteram
931 3122 999 3176 mihi
1015 3120 1120 3175 reddere
1132 3138 1252 3187 causam,

432 3205 490 3261 Nec
503 3223 607 3274 noram,
624 3206 688 3279 quid
703 3223 796 3261 amans
807 3218 875 3261 esset
890 3218 937 3263 :at
952 3206 1016 3262 illud
1027 3222 1110 3261 eram.

306 3340 308 3345 ’
348 3342 475 3409 Solliciti
490 3344 619 3425 pectoris
634 3343 783 3426 exemplar
801 3344 879 3405 Paris
898 3343 1028 3420 exhibet,
1045 3345 1095 3426 qui
1111 3343 1258 3418 lacrimas,
1278 3362 1375 3403 narra·

307 3437 417 3514 tiones,
431 3438 580 3513 convivia,
594 3436 777 3513 ebrietatem,
796 3438 890 3520 signa,
904 3451 1016 3519 gestus,
1031 3451 1145 3512 cantus,
1164 3437 1292 3519 denique
1308 3450 1374 3497 ten·

307 3542 436 3597 tamenta
448 3532 550 3597 omnia
565 3544 723 3607 memorat,
744 3529 852 3613 quibus
874 3530 1022 3593 Helenam
1035 3551 1156 3592 exorare
1173 3543 1296 3592 conatus
1315 3532 1372 3605 est,

306 3626 388 3701 XVI,
411 3644 468 3705 239
495 3645 559 3708 sqq.
586 3623 662 3686 Vide
690 3638 799 3708 quanta
827 3625 949 3686 veritate
977 3638 1007 3685 et
1031 3623 1124 3706 lyrico
1150 3625 1264 3705 impetu
1285 3636 1373 3705 poeta

304 3718 435 3783 furorem
449 3716 594 3779 describat
609 3739 670 3801 quo
684 3718 806 3801 Sappho
821 3718 974 3779 Phaonem
987 3718 1157 3794 insectatur,
1171 3719 1237 3793 XV,
1255 3736 1290 3797 93
1310 3739 1319 3780 t

337 3946 359 3981 1.
377 3930 415 3981 ef.
429 3932 470 3991 III,
483 3944 527 3992 433
540 3931 584 3990 IV,
594 3930 637 3991 263
653 3932 684 3993 V,
699 3941 745 3995 7et
758 3932 853 3997 passim.

335 4021 360 4057 a.
376 4006 467 4071 Eurip,
478 4006 559 4071 Hipp,
569 4005 623 4057 612.
