3159 5017
786 514 947 572 ’.ιη-ι

331 630 450 732 nullum
465 643 545 706 aliud
564 642 702 720 afferunt,
724 630 781 705 nisi
798 643 880 727 quod
898 644 976 705 inter
994 642 1140 729 Propertii
1159 644 1289 705 carmina
1306 655 1399 705 exstet

331 759 389 801 una
403 738 506 800 saltem
521 737 657 819 epistula,
673 738 836 799 Arethusae
848 736 884 798 ad
901 739 1043 819 Lycotam
1060 737 1115 820 (cf.
1134 739 1186 813 IV,
1206 738 1270 819 11).
1292 740 1326 798 ln
1341 738 1397 798 hac

331 832 451 915 quidem
475 831 569 913 elegia
592 831 653 893 loci
674 830 813 892 nonnulli
844 832 1042 913 reperiuntur,
1067 851 1144 914 quos
1166 851 1235 893 cum
1252 830 1399 893 similibus

332 926 548 988 Ovidianarum
585 924 751 985 Heroidum
783 924 859 987 locis
893 923 1028 986 conferre
1057 926 1170 1007 possis,
1200 926 1263 986 sive
1292 924 1396 1000 verba,

331 1020 394 1081 sive
423 1019 582 1081 sententias
615 1019 766 1099 respicias.
802 1019 920 1079 Etenim
944 1017 994 1079 illa
1012 1038 1142 1103 ⁴quoque
1166 1018 1292 1094 femina,
1326 1018 1398 1079 dum

330 1114 367 1175 ad
390 1113 488 1177 virum
509 1111 620 1174 litteras
639 1110 752 1187 scribit,
776 1110 913 1173 lacrimas
934 1111 1033 1173 fundit
1054 1110 1163 1195 quibus
1182 1112 1286 1174 liturae
1305 1111 1396 1188 fiunt3

328 1220 395 1269 tum
418 1206 589 1268 derelictam
617 1225 648 1266 se
676 1204 771 1266 solam
795 1206 927 1288 queritur
948 1219 978 1265 et
996 1204 1125 1266 infausto
1147 1206 1249 1267 omine
1275 1219 1398 1288 nuptam

331 1321 412 1377 esse;
429 1319 510 1361 nunc
524 1299 667 1383 quoniam
684 1299 715 1360 in
733 1299 835 1359 castris
848 1299 895 1360 vir
910 1298 1028 1374 militet,
1042 1299 1080 1359 de
1092 1300 1156 1360 eius
1170 1299 1230 1361 vita
1243 1301 1398 1382 magisque

331 1396 420 1456 etiam
433 1392 469 1455 de
482 1392 583 1455 marita
598 1391 656 1453 fide
668 1392 826 1460 sollicitam
839 1412 922 1468 esse;
937 1393 1048 1454 interea
1062 1393 1157 1474 ipsam
1170 1406 1274 1455 noctes
1288 1412 1398 1454 amaras

331 1488 438 1551 ducere
458 1500 488 1548 et
507 1485 615 1548 tabulis
629 1486 724 1568 pictos
741 1486 871 1547 mundos
886 1485 1016 1547 ediscere
1027 1486 1155 1563 ;.dolere
1170 1487 1252 1570 quod
1269 1488 1398 1548 romanis

332 1581 439 1667 puellis
463 1601 524 1641 non
544 1592 663 1662 pateant
682 1592 785 1654 castra,
807 1593 841 1641 ut
863 1580 1023 1662 coniugem
1043 1582 1106 1662 ipsa
1125 1582 1209 1663 sequi
1228 1581 1340 1663 possit3
1359 1580 1399 1643 ita

331 1674 428 1737 taedio
452 1688 482 1737 et
498 1672 658 1735 solitudine
679 1692 809 1736 marcere
832 1693 887 1733 nec
904 1687 1002 1734 vestes
1022 1693 1192 1757 gemmasve
1213 1694 1324 1750 curare,
1347 1674 1399 1735 sed

332 1769 387 1831 diis
408 1767 541 1830 colendis
561 1766 711 1828 attendere
729 1780 758 1828 et
778 1767 873 1828 fausta
892 1768 993 1828 omina
1009 1787 1045 1828 ex
1061 1780 1199 1849 gemente
1219 1782 1328 1829 noctua
1348 1781 1400 1829 aut

332 1864 493 1945 crepitante
514 1861 635 1922 lucerna
658 1858 811 1943 colligere.
832 1860 969 1943 Denique
985 1861 1083 1921 virum
1102 1873 1186 1943 rogat
1206 1874 1239 1921 ut
1257 1859 1312 1921 sibi
1335 1861 1398 1942 ipse

332 1956 468 2019 consulat
482 1973 579 2038 neque
592 1954 718 2037 gloriam
733 1955 806 2015 tanti
821 1952 924 2030 faciat3
941 1967 971 2015 et
987 1973 1056 2015 cum
1071 1959 1205 2015 reversus
1217 1968 1306 2031 esset,
1318 1974 1399 2014 amaa

332 2052 430 2132 ipsum
451 2068 520 2110 cum
535 2046 752 2129 subscriptione
771 2049 872 2108 votiva
893 2049 1031 2129 Capenae
1050 2062 1152 2130 portae
1171 2068 1396 2130 suspensurum.

332 2142 512 2207 Huiusmodi
554 2142 712 2202 sententias
752 2160 902 2224 vocesque
939 2143 1028 2202 etiam
1065 2139 1222 2203 Ovidianis
1260 2141 1395 2225 epistulis

333 2256 446 2320 sparsas
468 2235 700 2297 animadvertere
721 2248 818 2317 potes,
837 2236 899 2294 sive
916 2233 1099 2316 Penelopen,
1116 2236 1177 2295 sive
1196 2236 1397 2310 Laodamiam,

332 2330 381 2391 vel
402 2333 507 2391 Hero¹
528 2328 636 2389 aliasve
659 2328 753 2389 audis.
775 2326 868 2400 Quod
891 2341 990 2389 tamen
1013 2328 1091 2410 apud
1111 2329 1255 2390 Ovidium
1273 2328 1398 2390 voculae

333 2422 494 2485 nonnullae
503 2436 552 2483 aut
565 2423 725 2483 sententiae
737 2421 1009 2504 deprehenduntur,
1022 2442 1093 2504 quas
1103 2423 1191 2483 etiam
1203 2424 1233 2482 in
1245 2423 1399 2504 Propertio

332 2518 470 2601 reperias,
487 2536 549 2577 non
566 2515 634 2576 ideo
650 2516 781 2597 sequitur
793 2516 971 2577 imitatorem
986 2513 1064 2575 illius
1078 2516 1213 2576 ieiunum
1227 2535 1289 2576 esse
1304 2517 1398 2577 Naso·

333 2630 414 2699 nem,
440 2610 507 2694 quia
529 2607 701 2670 huiusmodi
727 2607 785 2670 loci
807 2628 904 2691 neque
930 2609 1082 2669 numerosi
1105 2607 1279 2683 admodum,
1302 2628 1398 2690 neque

333 2705 432 2785 magui
447 2716 516 2763 sunt
530 2702 687 2763 momenti.

374 2797 457 2870 Quid
480 2796 561 2879 quod
579 2816 617 2856 ne
638 2794 731 2878 liquet
750 2794 871 2878 quidem
890 2795 967 2856 banc
986 2796 1131 2877 Propertii
1150 2794 1276 2877 elegiam
1296 2795 1398 2858 Ovidii

333 2890 466 2973 epistulis
479 2903 613 2972 tempore
631 2889 827 2950 antecedere?
842 2890 920 2949 Nam
937 2890 961 2949 si
980 2890 1205 2970 Propertianum
1227 2888 1398 2971 epistolium

333 2998 400 3046 ante
416 2983 577 3046 Ovidianas
590 2982 727 3043 heroides
742 2982 912 3044 confectum
926 3002 989 3044 esse
999 2984 1034 3045 C.
1048 2983 1193 3045 Kirchner
1206 2995 1218 3024 ²
1231 2983 1396 3059 contendit,

279 3108 282 3113 ·
335 3079 449 3139 diversa
469 3090 513 3138 est
532 3077 678 3138 sententia
696 3075 839 3137 lurenlme
859 3077 909 3158 qui
930 3077 1115 3157 Propertium
1138 3076 1240 3138 Ovidii
1262 3076 1399 3138 heroides

333 3172 481 3233 imitatum
498 3190 563 3231 esse
580 3184 681 3231 censet
696 3178 718 3244 ³,
733 3171 773 3231 ita
786 3182 820 3230 ut
831 3168 886 3230 sub
905 3168 1001 3231 iudice
1016 3169 1052 3230 lis
1065 3169 1239 3231 adhucesse
1253 3169 1396 3247 videatur.

333 3263 488 3347 Quidquid
512 3265 541 3324 id
559 3277 614 3339 est,
635 3283 704 3324 curn
724 3277 838 3324 certum
862 3262 965 3324 saltem
985 3264 1071 3324 sitin
1092 3265 1281 3345 Propertiana
1305 3264 1398 3345 elegia

333 3378 472 3443 personas
499 3358 580 3418 vivas
599 3356 768 3439 significari,
793 3356 861 3418 inde
886 3379 902 3415 α
928 3369 1047 3439 apparet
1066 3377 1118 3418 eos
1142 3357 1264 3439 paulum
1287 3378 1305 3418 a
1325 3378 1398 3418 veru

332 3452 475 3527 aberrare,
493 3452 543 3535 qui
559 3471 625 3511 eam
642 3451 773 3532 primum
789 3450 960 3533 exemplum
983 3471 1046 3512 esse
1065 3450 1172 3512 volunt
1192 3450 1395 3533 epistularum,

333 3566 404 3629 quas
422 3545 552 3608 Ovidius
565 3544 601 3605 ab
618 3544 749 3605 heroinis
766 3544 888 3627 scriptas
901 3545 1097 3626 composuita
1113 3557 1142 3605 n.
1164 3545 1210 3605 Ad
1228 3546 1396 3627 excogitan·

333 3639 405 3700 dum
420 3639 500 3700 enim
513 3658 626 3699 novum
638 3638 698 3699 hoc
710 3638 875 3713 carminum
889 3658 984 3720 genus
999 3657 1060 3714 non
1078 3638 1334 3721 magis-profuisse
1349 3638 1398 3699 illa

365 3814 387 3847 1.
405 3798 443 3847 cr.
457 3798 477 3856 1,
490 3813 515 3847 v.
528 3811 565 3858 30,
577 3784 697 3861 7'5;x111,
713 3798 798 3861 „aa
813 3798 1070 3863 107;X1X,151sqq.

365 3890 387 3923 2.
406 3874 513 3937 DcProp.
529 3874 585 3921 libro
594 3874 671 3937 quinto
680 3875 753 3938 capita
763 3890 808 3922 sex.
822 3874 970 3932 Wismatiae,
988 3874 1056 3940 1882,
1068 3890 1091 3939 p.
1107 3874 1146 3935 58.

367 3966 388 4012 3.
405 3950 485 4013 Progr.
499 3950 604 3998 Vindob.
613 3965 635 3997 a.
651 3950 708 3998 1881
726 3966 732 3997 :
746 3951 853 4013 beitrage
864 3966 906 3997 zur
917 3950 996 3997 Kritik
1007 3951 1048 3999 der
1057 3950 1131 3998 Ovid.
1143 3950 1274 4010 Heroides,
1287 3967 1311 4015 p.
1324 3967 1350 4015 7.-

362 4041 388 4086 4.
405 4026 439 4074 De
451 4026 503 4075 Sex.
515 4026 625 4089 Proptrlir'
635 4027 745 4075 amoribus
753 4031 774 4074 el
781 4027 849 4091 poesi,
862 4022 893 4075 R.
904 4026 1030 4087 Bonafous,
1043 4028 1145 4087 Parisiis,
1157 4028 1225 4091 1894,
1239 4043 1263 4092 p.
1276 4026 1316 4077 60.
1357 4028 1366 4035 “
