3159 5017
636 519 796 561 ,ull-

182 628 277 707 derat;
304 630 384 715 quod
407 630 527 714 quidem
550 652 587 693 eo
611 652 646 693 ex
667 631 735 693 loco
754 644 844 715 patet,
866 652 927 716 quo
946 631 996 693 illa
1016 641 1248 695 commemorata

182 738 261 801 sunt,
273 726 344 788 Am.
359 727 398 802 11,
417 727 462 801 18,
478 742 515 800 27
533 749 540 787 :

359 846 450 909 Quam
465 846 517 901 cito
532 846 565 901 de
577 858 635 901 toto
647 845 723 901 rediit
738 862 816 900 meus
829 846 893 901 orbe
907 844 1034 912 SabInus,

358 931 512 1004 Scriptaque
526 931 633 986 diversis
646 930 747 986 rettulit
760 929 805 985 ille
819 930 897 985 locisl

359 1014 479 1071 Candida
493 1016 627 1089 Penelope
641 1016 750 1087 signum
764 1016 894 1089 cognovit
908 1014 1011 1078 Ulixis;

358 1098 433 1173 Legit
447 1100 479 1155 ab
492 1100 640 1174 Hippolyto
655 1100 750 1173 scripta
759 1117 873 1157 noverca
883 1116 950 1165 suo;

356 1186 414 1239 Iam
428 1185 487 1257 pius
501 1185 605 1241 Aeneas
618 1184 730 1241 miserae
743 1186 872 1256 rescripsit
882 1184 994 1251 Elissae3

358 1269 495 1341 Quodque
505 1269 576 1343 legat
587 1268 702 1343 Phyllis,
717 1270 738 1325 si
754 1269 837 1325 modo
849 1270 925 1337 vivit,
940 1270 1031 1335 adest;

360 1352 455 1407 Tristis
467 1355 500 1408 ad
514 1352 681 1427 Hypsipylen
695 1354 728 1408 ab
740 1354 834 1409 Iasone
847 1354 933 1410 littera
946 1353 1034 1419 venit3

360 1438 414 1493 Det
426 1451 516 1493 votam
531 1438 640 1493 Phoebo
656 1438 745 1496 Lesbis
760 1452 848 1493 amata
860 1438 955 1510 lyram.

183 1546 347 1619 Quomodo
372 1550 454 1613 enim
473 1550 526 1611 has
545 1550 756 1633 responsiones
775 1549 916 1633 perficere
940 1551 1087 1631 potuisset
1108 1548 1251 1632 Sabinusq

184 1644 240 1704 nisi
260 1644 452 1705 concinnatae
469 1657 499 1705 et
516 1644 652 1726 vulgatae
672 1647 744 1705 Her.
766 1642 915 1727 Epistulae
935 1645 993 1705 ism
1012 1657 1077 1705 tum
1100 1643 1248 1705 fuissent?

183 1737 258 1797 Mihi
271 1736 394 1821 quidem
409 1737 475 1800 luce
488 1736 593 1799 clarius
607 1738 734 1824 videtur,
756 1737 806 1799 illa
818 1738 948 1804 Nasonis
965 1738 1094 1799 carmina
1114 1736 1248 1798 absoluta

183 1844 212 1891 et
226 1830 304 1891 edita
317 1831 408 1893 fuisse
423 1852 484 1915 quo
501 1845 636 1914 tempore
653 1831 735 1893 illam
753 1832 899 1893 Amorum
910 1830 1039 1913 elegiam
1055 1832 1105 1892 hic
1123 1850 1247 1911 compo·

184 1938 276 1987 neret.
298 1926 400 2007 ltaque
417 1946 478 1986 non
493 1938 604 1987 temere
615 1946 663 1986 me
674 1925 822 1986 facturum
836 1926 985 2001 existimo,
1002 1924 1025 1984 si
1046 1926 1120 1985 circa
1134 1944 1247 1985 annum

183 2020 223 2081 U.
240 2018 274 2079 C.
295 2032 350 2095 745
372 2017 517 2081 Heroides
532 2019 643 2102 publici
662 2020 733 2079 iuris
750 2018 840 2079 factas
855 2038 919 2079 esse
936 2032 1082 2095 statuer03
1104 2037 1159 2078 nec
1176 2038 1248 2099 pro-

183 2110 279 2173 banda
300 2112 419 2173 videtur
438 2113 522 2174 lahni
542 2113 627 2189 ratio,
646 2112 698 2195 qui
718 2112 793 2174 intra
811 2111 930 2173 brevius
948 2132 1096 2174 annorum
1120 2112 1248 2193 spatium

184 2208 350 2288 conscripta
365 2220 394 2268 et
409 2198 515 2267 emissa
532 2207 632 2269 omnia
648 2206 751 2269 Ovidii
763 2208 892 2267 carmina
905 2207 1044 2267 amatoria
1056 2219 1167 2267 censet.

223 2300 311 2360 Nunc
324 2298 360 2361 de
375 2302 484 2361 horum
501 2301 667 2387 carminum
679 2300 785 2376 titulo,
802 2301 945 2384 quoniam
963 2299 1129 2372 dubitatur,
1148 2299 1250 2381 paucis

184 2390 345 2475 disceptare
360 2393 455 2455 refert.
474 2396 544 2455 Non
558 2413 629 2455 vero
644 2394 805 2478 quicquam
818 2414 920 2455 causae
935 2406 979 2455 est
989 2412 1174 2469 curnomen,
1189 2413 1249 2476 quo

184 2485 219 2547 ab
235 2486 346 2547 Ovidio
365 2488 430 2569 ipso
445 2487 590 2569 appellata
604 2488 673 2563 sint,
686 2488 842 2549 reiciamus
857 2510 864 2549 ε
878 2488 927 2571 qui
939 2507 973 2549 ea
983 2488 1105 2570 quidem
1118 2506 1248 2548 comme·

184 2600 313 2655 morans,
330 2580 503 2663 planissimo
520 2580 612 2642 verbo
626 2580 769 2665 Epistulas
789 2595 889 2655 vocat,
904 2582 968 2643 Art.
979 2581 1144 2660 Am.‚llll‚
1162 2582 1218 2660 346
1239 2602 1247 2641 ε

396 2702 446 2757 Vel
461 2702 508 2757 tihi
522 2704 669 2775 composita
683 2714 804 2757 cantetur
814 2701 934 2775 Epistula
946 2718 1020 2757 voce.

223 2824 255 2885 ln
277 2823 332 2883 hac
353 2821 454 2905 elegia
469 2823 549 2883 enim
564 2836 651 2905 poeta
668 2822 817 2905 quendam
835 2821 949 2884 inducit
965 2822 1028 2904 qui,
1042 2824 1125 2883 hunc
1138 2823 1169 2883 in
1189 2835 1249 2883 arte

185 2917 337 2992 amatoria,
352 2917 436 2999 quasi
453 2917 640 2998 magistrum,
657 2930 795 2992 sectatuS,
808 2917 912 2977 ceteris
926 2911 1015 2977 huius
1028 2936 1116 2997 opera
1128 2916 1247 2990 indicat,

186 3011 261 3071 inter
279 3030 355 3093 quae
374 3009 541 3079 Heroidum
561 3010 701 3091 epistulas
720 3010 756 3070 ab
775 3030 811 3071 eo
830 3009 963 3092 vulgatas
980 3010 1094 3071 extollit
1117 3032 1124 3071 ε
1151 3023 1249 3092 aperta

186 3124 293 3187 nempe
312 3103 361 3164 illa
380 3104 533 3185 inscriptio
550 3104 613 3165 visa
639 3118 693 3179 est,
715 3117 819 3185 utpote
841 3123 916 3185 quae
938 3103 1014 3165 libro
1038 3104 1102 3165 eius
1124 3102 1251 3185 praefixa

185 3210 279 3275 esset3
297 3211 347 3259 aut
363 3217 432 3258 sane
448 3217 572 3273 nomen,
590 3198 614 3257 si
632 3217 752 3259 necesse
767 3197 881 3273 fuisset,
898 3197 992 3258 fusius
1010 3197 1138 3260 Ovidius
1153 3197 1250 3280 expla-

186 3305 292 3353 nasset.
305 3293 394 3353 Nunc
411 3311 532 3375 quoque
547 3291 670 3373 singulis
685 3290 866 3352 carminibus
874 3291 977 3352 eadem
991 3292 1151 3374 appellatio
1165 3311 1251 3373 prae-

186 3386 318 3467 ponitur,
342 3383 477 3467 Epistula
496 3387 519 3459 Ι,
543 3386 580 3460 ΙΙ,
601 3398 671 3459 ete,
691 3398 720 3446 et
741 3387 824 3446 hune
843 3384 963 3446 titulum
979 3399 1085 3467 poetae
1104 3387 1134 3445 in
1151 3386 1252 3446 ammo

185 3480 293 3540 versari
311 3478 438 3561 ideoque
457 3492 522 3541 toto
544 3477 698 3541 volumine
718 3479 894 3561 inscriptum
915 3479 1031 3561 saepius
1055 3480 1085 3539 in
1104 3479 1253 3562 plerisque

187 3571 313 3635 exordiis
329 3572 454 3635 credas:
580 3574 582 3577 ’

275 3688 349 3743 Hanc
363 3700 408 3742 tua
420 3686 553 3761 Penelope
565 3686 638 3742 lento
649 3688 696 3742 tibi
711 3688 803 3754 mittit,
819 3686 909 3741 Ulixe.
927 3686 949 3741 I.

273 3777 358 3847 Quam
372 3777 448 3849 legis,
464 3794 480 3831 a
493 3789 566 3850 rapta
580 3777 696 3831 Briseide
711 3776 798 3831 littera
812 3777 894 3831 venit.
911 3777 958 3833 ΙΙΙ.

257 3930 259 3935 Ι
273 3852 383 3935 Perlege
394 3861 585 3935 quodcumque
597 3874 635 3917 est
652 3880 658 3915 :
672 3862 735 3934 quid
750 3862 863 3933 epistula
873 3860 940 3917 lecta
952 3862 1077 3917 nocebit?
1090 3861 1139 3916 IV.

274 3946 400 4018 Perlegis,
416 3964 451 4001 an
464 3947 582 4001 coniunx
594 3946 717 4020 prohibet
729 3964 800 4001 nova
809 3948 821 4000 i
830 3946 865 4000 V.

274 4030 352 4087 Nunc
367 4030 459 4087 oculos
472 4043 517 4087 tua
531 4049 592 4087 cum
605 4031 710 4087 violarit
722 4030 834 4103 epistula
845 4043 961 4087 nostros.
977 4031 1062 4087 XVII.
