3159 5017
760 521 919 581 -,0-

309 640 411 701 ceteris
424 640 662 720 anteponendus.
679 640 776 701 Liceat
788 640 964 701 sententiam
984 639 1055 700 Luc.
1072 639 1220 716 Muelleri,
1238 643 1289 724 qui
1310 662 1372 703 rem

308 753 361 793 acu
376 734 482 814 tetigit,
497 732 614 806 referre,
629 732 660 793 da
681 754 710 793 re
732 738 795 794 mel.
812 735 879 809 Vll,
898 754 928 814 p.
948 735 1006 807 408
1023 754 1030 792 :
1053 734 1225 811 «Maronis,
1242 736 1296 795 etsi
1317 735 1372 797 fuit

308 839 396 908 poeta
421 846 510 908 quam
532 826 711 887 versificator
733 826 822 909 longe
842 826 959 902 melior,
981 826 1087 907 placita
1107 827 1269 908 probavere
1292 830 1372 891 haud

308 922 405 1001 pauci.
426 922 573 1001 Deinceps
593 921 731 997 Ovidius,
755 941 851 981 novae
866 934 968 981 auctor
986 922 1065 995 artis,
1082 920 1221 1003 pleraque
1237 936 1371 984 veterum

309 1013 504 1089 licentiarum,
521 1034 596 1095 quae
614 1015 720 1074 mixtae
735 1028 818 1074 erant
832 1013 921 1074 latina
937 1014 1116 1095 proprietate
1130 1028 1158 1075 et
1169 1035 1284 1095 graeca,
1300 1017 1372 1077 dum

310 1108 422 1181 recidit,
452 1104 558 1188 pariter
583 1106 745 1188 elegantiae
772 1122 802 1168 et
825 1107 951 1167 libertati
977 1109 1137 1188 prospexit.
1170 1111 1259 1168 Hunc
1284 1111 1372 1191 igitur

309 1200 418 1274 virum,
441 1201 491 1282 qui
510 1202 708 1281 principatum
730 1200 810 1260 haud
825 1200 913 1261 dubie
932 1215 1014 1261 tenet
1030 1202 1098 1261 artis
1113 1200 1231 1278 latinae,
1250 1223 1371 1263 venere-

309 1315 386 1370 mur,
400 1294 481 1358 hunc
494 1295 655 1357 imitemur.
673 1296 728 1355 Hic
741 1296 813 1354 sciat
827 1314 857 1355 se
875 1293 1038 1376 plurimum
1056 1294 1226 1376 profecisse,
1247 1298 1295 1357 cui
1308 1296 1371 1378 plu·

309 1389 418 1448 rimum
432 1388 574 1469 probetur
586 1388 724 1449 Ovidius.
746 1389 843 1449 Huius
862 1403 936 1470 quot
951 1402 1018 1448 sunt
1037 1408 1150 1464 versus,
1165 1390 1288 1450 totidem
1303 1405 1372 1451 sunt

310 1480 440 1556 artificia,
458 1482 564 1563 quovis
578 1481 697 1542 Phidiae
714 1481 764 1541 illa
780 1481 828 1541 vel
844 1482 995 1542 Praxitelis
1007 1500 1097 1563 opere
1113 1502 1173 1543 non
1192 1484 1318 1544 minora.
1335 1486 1372 1545 Et

309 1575 390 1656 quod
410 1595 526 1655 semper
547 1588 589 1635 est
606 1574 751 1655 perfectae
768 1575 879 1636 indolis
898 1576 1042 1657 poeticae,
1063 1596 1131 1635 curn
1153 1577 1260 1637 sentias
1279 1590 1371 1637 artem

309 1669 404 1728 inesse
429 1688 587 1742 summam,
611 1668 741 1729 laborem
760 1669 946 1749 persentiscis
966 1667 1092 1729 nullum.
1115 1694 1130 1725 n
1150 1671 1229 1730 Tum
1251 1691 1286 1730 ex
1310 1673 1371 1731 ani·

310 1760 564 1822 madversionibus
577 1762 607 1821 in
625 1762 684 1821 hoc
701 1764 795 1844 capite
817 1762 948 1822 collectis
961 1761 1082 1822 forsitan
1100 1762 1179 1824 aliud
1194 1763 1371 1825 concludere

309 1855 405 1931 liceat,
426 1856 506 1938 quod
529 1856 564 1915 ad
585 1856 656 1916 Her.
678 1855 819 1937 epistulas
838 1856 950 1917 Ovidio
972 1856 1160 1916 vindicandas
1184 1858 1263 1917 haud
1289 1860 1372 1939 parvi

309 1950 454 2009 momenti
469 1950 516 2024 sit,
534 1947 644 2009 scilicet
656 1950 732 2009 inter
744 1948 818 2009 haec
828 1963 857 2009 et
867 1964 961 2010 cetera
974 1950 1122 2011 Ouidiana
1134 1952 1275 2027 carmina,
1289 1951 1371 2032 quod

309 2042 429 2123 quidem
449 2041 485 2101 ad
504 2041 654 2118 elisiones,
677 2062 822 2118 caesuras,
844 2043 1013 2124 rhythmos,
1037 2043 1193 2119 clausulas,
1214 2058 1370 2126 totumque

308 2156 448 2196 versuum
463 2135 618 2197 artificium
631 2138 744 2212 attinet,
761 2136 836 2197 nihil
849 2139 990 2198 interesse
1008 2152 1029 2198 ¹.

340 2338 360 2371 1.
379 2322 416 2370 Cl.
428 2322 553 2379 Eschenb.,
565 2324 643 2378 Matr„
658 2331 691 2386 op.
701 2324 750 2380 cit„
769 2340 792 2387 p.
805 2324 819 2369 8
832 2339 877 2387 sq.‚
890 2323 918 2371 16
930 2338 966 2387 sq.
