3159 5017
752 522 912 579 ,40-

302 636 426 714 ditione,
442 652 474 701 ut
490 658 551 701 non
570 638 650 699 aliud
665 658 740 721 opus
752 636 787 699 ad
800 637 1039 719 cognoscendam
1053 639 1218 699 Romanam
1233 638 1364 721 antiqui-

298 746 388 797 tatem
409 745 561 815 tantopere
581 730 726 815 proficiat.
746 731 870 793 Nullam
892 752 981 814 porro
1001 731 1165 813 Epistulam
1183 733 1310 813 reperias
1330 733 1372 791 in·

299 847 356 910 qua
374 825 458 887 locus
470 841 645 909 argumento
658 826 744 887 alicui
762 846 797 887 ex
811 825 918 887 fabulis
932 839 1069 907 excerpto
1082 846 1145 886 non
1159 825 1245 885 datus
1259 826 1306 889 sit.
1322 826 1363 886 At

298 920 403 981 referre
418 920 587 1003 exemplum
603 922 671 981 satis
686 920 773 981 fuerit
789 920 948 993 Phaedrae,
968 919 1004 980 de
1016 921 1113 1001 gentis
1130 940 1199 981 suae
1212 919 1271 981 fato
1288 939 1364 1003 que-

299 1015 400 1089 rentis,
414 1035 450 1075 ex
464 1032 521 1098 qua
534 1012 641 1075 tributa
655 1014 729 1096 petit
742 1016 857 1089 Venus,
875 1014 926 1089 IV,
944 1028 976 1090 55
995 1033 1061 1096 sqq.
1081 1034 1090 1075 a

487 1148 606 1221 Juppiter
620 1148 788 1220 Europen—
800 1148 886 1220 prima
899 1160 939 1202 est
953 1164 984 1202 ea
998 1147 1086 1220 gentis
1100 1148 1219 1221 origo-
1269 1133 1274 1141 ’

490 1232 602 1299 Dilexit,
613 1245 690 1287 tauro
703 1232 889 1287 dissimulante
901 1234 999 1298 deum;

491 1318 620 1389 Pasiphae
634 1330 729 1383 mater,
744 1318 857 1389 decepto
871 1318 977 1371 subdita
986 1330 1073 1383 tauro,

493 1402 575 1459 Enixa
587 1415 625 1458 est
638 1415 714 1459 utero
724 1403 824 1457 crimen
836 1418 959 1475 onusque
971 1418 1032 1458 suo.

337 1546 1366 1632 NarrationeminlongiusprotraheetMetamorphoseoslineamenta

297 1658 414 1725 praesto
428 1656 524 1718 erunt,
544 1663 633 1726 quarn
647 1642 775 1705 Ovidius
784 1642 936 1725 quondam
949 1642 1044 1701 fusius
1054 1640 1221 1723 explicabit,
1235 1644 1307 1703 Met.
1323 1644 1364 1718 II,

299 1740 372 1814 847;
388 1738 472 1812 VIII,
488 1756 541 1815 132
550 1758 558 1811 ;
571 1738 625 1811 IX,
641 1750 697 1815 735
713 1756 778 1819 sqq.
796 1738 935 1818 Longum
950 1749 1027 1796 esset
1038 1735 1085 1795 vel
1099 1754 1271 1796 enumerare
1283 1734 1366 1797 labu-

298 1830 341 1891 las
362 1850 432 1912 quas
454 1830 485 1890 in
510 1829 692 1892 Heroidibus
718 1830 836 1912 attingit
859 1844 888 1891 et
916 1829 946 1889 in
970 1830 1094 1891 Metam.
1124 1828 1207 1889 libris
1237 1829 1366 1890 Ovidius

299 1922 451 1998 enarrabit,
474 1937 518 1999 ut,
544 1937 689 2007 quantum
710 1922 814 1985 locum
838 1942 889 1984 eae
915 1924 945 1982 in
961 1923 1008 1983 his
1031 1920 1212 1983 carminibus
1232 1934 1363 1998 teneant,

298 2018 462 2078 existimare
475 2016 555 2078 solus
567 2018 663 2100 possit
677 2018 729 2099 qui
743 2018 816 2077 haec
833 2016 1002 2099 perlegerit.
1017 2014 1075 2077 Sed
1094 2028 1124 2075 et
1135 2017 1291 2077 Fastorum
1306 2015 1366 2077 dixi

298 2112 427 2192 primum
455 2110 570 2172 fontem
595 2109 631 2171 ab
657 2111 716 2171 hoc
743 2130 834 2192 opere
860 2110 930 2171 oriri
938 2132 948 2185 3
979 2129 1108 2192 namque
1138 2109 1210 2170 dum
1242 2110 1366 2171 eandem

299 2203 459 2265 Phaedram
477 2204 571 2279 audis,
592 2204 677 2265 cuius
698 2204 823 2286 epistula
840 2204 899 2264 iam
922 2223 1009 2284 saepe
1032 2216 1206 2284 argumenta
1226 2201 1311 2264 nobis
1330 2222 1367 2263 ex

299 2318 357 2357 una
370 2297 533 2381 eademque
547 2295 685 2360 consulto
699 2296 868 2381 petentibus
884 2296 1030 2381 praebuit,
1047 2298 1202 2358 Fastorum
1218 2297 1365 2359 admone·
1447 2281 1452 2292 ⁸

300 2411 378 2468 mur,
395 2394 447 2469 IV,
460 2410 522 2471 47:
1233 2412 1237 2417 ·

492 2540 572 2595 Nunc
586 2538 667 2607 feror,
683 2551 713 2595 ut
727 2538 824 2593 Bacchi
839 2537 914 2593 furiis
927 2537 1057 2593 Eleleides
1069 2550 1153 2607 actae,

494 2624 625 2697 Quaeque
639 2624 688 2679 sub
697 2623 778 2679 ldae'o
794 2636 921 2695 tympana
933 2621 1001 2677 colle
1015 2635 1140 2689 movent3

494 2709 549 2764 Aut
561 2726 626 2781 quas
640 2708 773 2764 semideae
786 2709 907 2781 Dryades
918 2708 1057 2779 Faunique
1071 2707 1192 2763 bicornes

494 2792 614 2849 Numine
628 2806 762 2849 contactas
772 2804 912 2848 attonuere
926 2809 976 2848 suo
989 2804 1009 2848 ¹.

340 2932 457 3013 Nempe
471 2930 599 3014 Cybeles
616 2951 696 2992 sacra
713 2944 741 2993 et
754 2931 839 3006 ritus,
853 2931 976 3014 eiusque
987 2930 1175 2991 sacerdotum
1189 2928 1319 2992 furorem
1333 2950 1367 2992 ac

261 3046 263 3053 ·
303 3037 445 3107 tympana
455 3027 531 3086 Fast.
551 3027 602 3101 IV,
614 3028 686 3105 ·183,
705 3026 759 3105 363
779 3045 844 3108 sqq.
861 3024 950 3108 longa
964 3024 1129 3085 narratione
1140 3037 1222 3085 vates
1240 3022 1368 3087 illustra-

303 3118 355 3181 bit.

342 3214 430 3273 Nunc
448 3213 529 3296 quod
547 3214 577 3273 in
594 3213 649 3275 hac
664 3212 873 3295 disputationis
887 3225 968 3295 parte
984 3213 1172 3295 propositum
1184 3225 1255 3285 erat,
1272 3187 1368 3293 planis

298 3308 483 3389 argumentis.
504 3304 663 3388 probatum
690 3326 754 3368 esse
779 3306 853 3367 mihi
881 3305 1011 3368 videtur.
1035 3308 1112 3367 Nam
1137 3326 1173 3367 ea
1195 3318 1314 3389 apparet
1337 3306 1367 3366 in

331 3522 352 3557 1.
370 3508 408 3555 Ad
425 3507 634 3557 demonstrandum
650 3508 714 3573 quod
730 3511 756 3557 iu
773 3508 820 3555 boc
839 3508 914 3571 capite
932 3507 1000 3555 nobis
1023 3508 1173 3571 propositum
1189 3517 1239 3554 erat
1256 3507 1369 3554 maiorem

298 3584 404 3633 Iocorum
416 3599 542 3632 numerum
551 3583 632 3631 afferre
643 3599 842 3648 supervacaneum
853 3592 928 3641 esset3
941 3599 996 3630 nam
1008 3594 1125 3646 quatenus
1132 3583 1234 3631 Ovidius
1241 3584 1368 3631 sententias

300 3672 324 3708 et
332 3661 402 3707 verba
413 3662 483 3708 etiam
494 3661 520 3707 In
533 3660 675 3708 carmInibus
687 3662 769 3707 iterare
781 3658 865 3724 cupide
876 3660 975 3715 studeat,
988 3660 1097 3707 collectis
1108 3660 1219 3707 omnibus
1230 3659 1278 3707 iere
1289 3674 1369 3706 exem·

299 3736 359 3799 plis,
377 3736 453 3784 fusius
469 3737 630 3785 disseruerunt
653 3736 808 3783 eruditissImi
823 3737 882 3793 viri,
899 3736 1004 3798 Zingerle
1023 3737 1049 3783 in
1066 3736 1126 3783 libro
1150 3736 1192 3798 qui
1208 3735 1342 3783 inscribitur
1359 3749 1368 3783 a

300 3812 394 3859 Orra'dius
415 3813 461 3858 und
480 3813 528 3860 sein
553 3812 687 3860 Verhdltniss
705 3828 734 3872 qu
756 3814 797 3859 den
817 3819 960 3875 vorgdngern
988 3812 1035 3859 und
1055 3810 1225 3875 gleichzeitigen
1240 3812 1368 3859 Romircbcn

298 3889 407 3947 dicbtern,
422 3890 440 3947 I,
454 3888 655 3949 11,1nnsbruckii,
671 3887 788 3953 1869-71;
801 3888 832 3937 V.
846 3889 867 3948 1,
879 3904 901 3952 p.
920 3901 986 3947 1-40,
1005 3897 1028 3935 et
1038 3887 1096 3937 Alb.
1109 3888 1251 3950 Lueneburg
1265 3888 1291 3935 in
1304 3902 1370 3934 com·

299 3966 442 4011 mentatione
456 3965 583 4012 academica
595 3984 606 4009 a
617 3966 652 4013 Dc
664 3965 744 4012 Ouidio
755 3965 791 4011 sui
802 3965 944 4021 imitatore»,
958 3979 990 4027 90
1001 3979 1024 4027 p.
1035 3965 1105 4011 lenae
1119 3962 1188 4028 1889.
1201 3963 1236 4015 Ex
1249 3964 1287 4011 his
1298 3964 1368 4027 scrip·

298 4041 329 4088 tis
345 4040 459 4107 quaedam
474 4042 499 4088 in
512 4050 619 4089 nostrum
632 4056 703 4089 usum
714 4040 784 4100 inira,
797 4040 849 4089 data
857 4039 989 4100 occasione,
1001 4040 1171 4089 desumemus..
1187 4080 1189 4084 ,
1272 4080 1275 4085 .
1326 4078 1329 4084 .
