3159 5017
779 495 940 539 ...12-

364 608 440 672 llla
432 611 515 672 initia
531 630 601 673 cum
616 610 784 685 considero,
799 630 909 671 nomen
920 610 1073 691 Epistulae
1082 610 1268 695 probabilius
1280 590 1393 695 apoeta

324 704 505 765 carminibus
527 705 655 767 inditum
672 724 736 765 esse
756 704 831 765 mihi
846 704 980 765 uidetur·
973 725 1076 787 ,quae
1098 726 1168 766 sane
1188 706 1343 787 inscriptio
1362 722 1392 768 et

325 797 544 881 simplicissima
573 812 602 861 et
628 798 846 881 elegantissima
871 812 942 859 erat.
972 753 1067 861 Aliter
1094 800 1183 861 sentit
1210 800 1392 861 Guillelmus

326 893 436 967 Peters,
453 894 504 974 qui
518 891 639 953 titulum
651 916 666 949 α
680 891 830 973 Epistulae
840 890 998 953 heroidum
1007 906 1057 955 aut
1069 892 1221 975 Epistulae
1231 894 1390 955 heroides»

325 998 357 1046 ut
376 984 495 1067 plenam
516 999 546 1047 et
566 987 762 1068 antiquiorem
784 984 1027 1067 appellationem,
1056 986 1221 1069 genuinum
1243 1000 1346 1049 censet
1357 980 1390 1063 '¹3

324 1079 398 1141 mihi
414 1098 485 1140 uero
503 1079 578 1140 nihil
595 1079 707 1163 liquere
726 1099 762 1139 ex
784 1079 848 1139 eius
865 1079 1047 1161 argumentis
1066 1079 1193 1141 uidetur.
1216 1081 1392 1151 Quominus

323 1186 423 1234 tamen
438 1171 487 1233 illa
502 1174 632 1233 carmina
647 1196 662 1231 a
679 1172 826 1233 Heroides
841 1196 858 1229 s
874 1173 1093 1255 inscriptasint,
1108 1172 1184 1235 nihil
1196 1195 1266 1236 sane
1277 1173 1393 1235 obstare

321 1266 432 1343 fateor,
454 1284 559 1347 parum
581 1268 663 1328 enim
685 1286 880 1328 commoveor
901 1266 961 1328 Th.
983 1268 1068 1327 Eirtii
1089 1267 1265 1344 rationibus,
1286 1269 1338 1351 qui
1361 1269 1392 1329 in

324 1357 401 1421 libro
416 1359 495 1421 dicto
509 1384 524 1417 e
542 1362 600 1421 Das
612 1360 711 1421 antike
726 1360 911 1421 Buchwesen
927 1384 956 1437 s,
969 1381 999 1442 p.
1018 1378 1073 1440 379
1086 1381 1130 1445 sq.
1145 1362 1312 1442 genuinum
1325 1362 1393 1423 titu-

325 1452 389 1514 lum
409 1453 578 1515 «heroides
601 1478 616 1511 >i
627 1453 728 1515 fuisse
751 1454 903 1529 concedit,
924 1455 1073 1536 posterius
1093 1469 1192 1517 autem
1213 1454 1394 1517 carminibus

326 1546 410 1609 XVI·
412 1548 482 1608 XXI
497 1547 626 1609 additis
618 1566 648 1608 m
665 1571 680 1605 u
697 1545 848 1628 Epistulae
862 1572 877 1604 s
891 1547 1076 1609 demutatum
1092 1568 1167 1624 esse,
1188 1550 1257 1632 quia
1271 1548 1392 1625 Paridis,

328 1639 464 1715 Leandri,
475 1641 601 1702 ¹Acontii
610 1638 722 1702 litterae
734 1640 901 1701 Heroidum
914 1660 1036 1702 nomme
1044 1642 1165 1706 mdrcarr
1181 1663 1243 1703 non
1259 1656 1391 1725 possent

329 1735 418 1795 Recte
432 1733 482 1795 tali
496 1748 671 1817 argumento
686 1732 884 1815 respondetJ.
899 1733 1074 1795 Tolkiehn2
1089 1734 1252 1819 unicuique
1261 1736 1394 1798 uirorum

222 1884 225 1889 .
328 1826 481 1907 epistulae
486 1828 642 1889 cohaerere
657 1826 790 1909 singulas
806 1847 823 1887 a
837 1826 954 1888 seminis
974 1827 1122 1890 confectas
1141 1854 1158 1885 ι
1176 1843 1210 1891 ut
1226 1829 1294 1891 illae
1311 1830 1394 1911 quasi

328 1919 518 2001 prolusiones
535 1918 678 2006 quaedam
691 1922 797 1982 harum
811 1920 912 1981 haberi
924 1935 1050 2004 queant;
1070 1937 1220 2005 praeterea
1235 1922 1394 2007 consimile

328 2012 441 2095 aliquid
457 2012 566 2075 factum
582 2034 644 2075 esse
659 2016 689 2075 in
708 2013 883 2076 Halieuticis
903 2015 1071 2091 Ouidianis,
1091 2015 1198 2099 quibus
1217 2017 1325 2077 inserta
1344 2016 1392 2092 sit,

329 2126 379 2168 vu.
394 2108 497 2185 49·81,
511 2108 684 2169 animalium
699 2107 882 2169 terrestrium
899 2108 1043 2171 enarratio
1056 2132 1083 2171 s.
1117 2168 1120 2172 ,
1392 2115 1398 2125 ’

353 2274 355 2279 ,
367 2202 473 2283 Neque
486 2221 534 2262 me
549 2201 623 2263 fallit
635 2222 651 2263 a
663 2202 813 2264 Prisciano
825 2202 864 2275 X,
884 2216 931 2277 54,
949 2202 1095 2264 Heroides
1113 2202 1273 2285 appellatas
1290 2222 1353 2263 esse
1366 2213 1396 2264 et

328 2292 435 2355 eodem
448 2292 539 2355 verbo
557 2314 642 2377 saepe
657 2315 673 2355 a
692 2294 860 2355 scholiastis
878 2294 1030 2356 indicatas.
1052 2298 1086 2357 ln
1103 2296 1279 2379 quibusdam
1297 2316 1396 2357 mem-

327 2386 424 2447 branis
436 2400 465 2448 et
476 2387 688 2450 vetustioribus
701 2387 882 2450 editionibus
892 2388 1039 2449 Heroides
1049 2391 1111 2450 siue
1123 2390 1272 2471 Epistulae
1283 2388 1395 2471 duplici

328 2480 415 2541 titulo
432 2496 588 2557 uocantur,
606 2480 823 2564 velEpistulae
843 2481 1021 2557 Heroidum,
1042 2482 1101 2555 uel,
1122 2495 1156 2543 ut
1174 2483 1265 2565 uulgo
1287 2484 1400 2553 editur,

329 2575 476 2636 Heroides
492 2583 522 2637 3.
540 2577 620 2636 Istae·
635 2588 736 2636 autem
762 2574 972 2657 inscriptiones
997 2570 1170 2638 recentioris
1195 2590 1265 2637 sunt
1280 2577 1398 2651 aetatis,

330 2668 406 2729 sicut
420 2668 592 2729 huiusmodi
610 2668 746 2751 duplices
762 2668 843 2730 tituli
861 2668 939 2751 apud
954 2668 1108 2731 Platonem
1129 2692 1136 2731 :
1154 2670 1315 2745 Phaedrus,
1334 2670 1396 2729 siue

331 2761 368 2822 de
382 2760 528 2845 pulchro;
548 2763 742 2839 Conuiuium,
763 2763 827 2823 sive
841 2762 877 2823 de
897 2762 990 2837 bono,
1008 2777 1066 2825 etc.
1086 2764 1292 2825 Necessarium
1307 2763 1396 2823 etiam

330 2854 386 2916 fuit
400 2868 502 2937 postea
520 2856 594 2917 haee
613 2856 741 2917 carmina
759 2855 894 2938 planiore
912 2854 1108 2937 appellatione
1127 2856 1259 2934 indicari,
1280 2876 1318 2917 ne
1337 2876 1396 2938 qua

331 2948 494 3013 obscuritas
509 2949 636 3024 adesset,
653 2969 722 3010 cum
735 2948 804 3009 alias
819 2947 958 3031 epistulas
970 2969 1006 3010 ex
1019 2951 1114 3011 Ponto
1126 2951 1206 3011 Naso
1219 2950 1394 3033 scripsisset.

332 3042 375 3119 lta
388 3055 419 3103 et
431 3043 595 3105 Priscianus
606 3063 653 3103 eas
669 3042 815 3103 Heroides
829 3044 956 3117 uocauit,
973 3063 1011 3108 ue
1021 3063 1129 3125 anceps
1139 3058 1229 3118 esset,
1243 3045 1272 3119 si⁴
1282 3042 1397 3123 simpli·

332 3136 406 3196 citer
419 3135 539 3199 dixisset
558 3158 565 3198 ε
584 3136 711 3197 Ouidius
725 3136 757 3195 in
774 3135 924 3220 epistulis3
944 3138 1052 3199 eteius
1069 3136 1239 3219 exemplum
1259 3138 1394 3211 testimo·

331 3230 476 3314 piumque
499 3230 529 3290 in
563 3230 618 3289 hac
645 3229 821 3312 quaestione
843 3230 954 3311 posteri
976 3231 1104 3311 saepius,
1129 3250 1184 3291 nec
1205 3228 1282 3290 male
1303 3230 1397 3291 secuti

331 3337 412 3385 sunt.
426 3322 498 3388 Ideo
512 3343 566 3384 nos
582 3342 713 3406 quoque,
728 3336 761 3383 ut
770 3320 953 3384 enucleatam
962 3322 1193 3405 appellationem
1205 3343 1395 3405 usurpemus,

330 3416 559 3497 hasEpistulas
581 3415 761 3491 Heroidum,
784 3415 833 3477 uel
857 3415 975 3477 breuius
1001 3430 1037 3497 et,
1056 3416 1222 3477 distinctius
1247 3415 1395 3476 Heroides

328 3503 573 3587 vocabimus3'ab
589 3508 701 3571 Ouidio
717 3522 817 3570 tamen
834 3507 1010 3590 «Epistulae
1026 3533 1042 3567 s
1058 3509 1180 3592 titulum
1193 3510 1321 3571 inditum
1332 3528 1396 3570 esse

328 3603 519 3665 verisimilius
532 3603 661 3667 uidetur.

363 3774 521 3821 mobsarvat.
536 3774 566 3820 od
578 3774 607 3821 P.
622 3773 862 3821 OvidtiNasom'sher.
872 3772 935 3835 epist.
948 3773 1047 3837 Lipsiae,
1061 3774 1129 3821 1882.
1141 3773 1174 3821 V.
1186 3789 1211 3837 p.
1223 3787 1248 3823 2.
1314 3793 1316 3798 ·

365 3864 387 3899 2.
405 3850 563 3910 Quaestionum
578 3850 608 3897 od
628 3850 733 3898 Heroides
747 3850 869 3897 Ouidianos
883 3852 1026 3912 spectantium
1041 3851 1115 3918 capita
1132 3849 1189 3897 Vll.
1208 3847 1315 3916 Lipsiae,
1326 3846 1395 3896 1888.

334 3926 445 4064 ν’31)(17ἱ.
428 4002 523 4053 teuit.
535 4002 623 4063 Peters,
636 4003 732 4066 aptit„
740 4018 771 4067 p.
785 4010 938 4052 retnota.
