3159 5017
337 592 462 646 Luxuriat
477 592 592 667 Phrygio
607 595 735 667 sanguine
748 596 855 667 pinguis
866 594 974 649 humus.

338 676 512 748 Semisepulta
526 678 612 731 virum
623 679 708 733 curvis
722 678 852 733 feriuntur
866 680 956 733 aratris

338 760 408 815 Ossa
413 802 778 819 .....................

746 849 768 901 Ι.
786 861 832 914 513
848 848 948 920 Georg.
963 848 985 913 I,
996 863 1046 921 493
1061 867 1117 922 sqq.
1211 836 1214 839 ⁴

338 930 389 984 Cui
403 948 462 985 mea
476 932 621 1003 virginibus
633 932 724 986 avibus
736 932 816 986 libata
830 933 940 987 sinistris
944 973 996 988 .....

338 1015 462 1068 Pronuba
475 1015 622 1087 Tisiphone
634 1017 758 1072 thalamis
770 1015 879 1071 ululavit
893 1018 920 1070 in
935 1017 995 1084 illis,

338 1098 369 1153 Er
384 1100 477 1153 cecinit
488 1114 619 1155 maestum
635 1101 709 1156 devia
721 1119 828 1155 carmen
840 1102 904 1157 avis.

775 1186 809 1251 11,
827 1203 886 1255 115,
899 1187 968 1241 Aen.
983 1187 1029 1251 IV,
1050 1185 1108 1240 166.

338 1269 370 1322 Et
382 1267 485 1323 fueram
499 1270 597 1341 patriae
610 1288 668 1342 pars
680 1288 731 1343 ego
743 1289 840 1343 magna
855 1287 940 1326 meae.

822 1357 868 1422 111,
882 1355 931 1422 2163
949 1357 1018 1409 Aen.
1034 1355 1068 1421 II,
1087 1370 1110 1422 5.
1202 1391 1204 1397 ι

337 1439 457 1493 Devorer
466 1452 537 1507 ante,
550 1457 650 1511 precor,
665 1441 754 1495 subito
768 1441 869 1495 telluris
878 1442 964 1507 hiatu,

337 1524 392 1577 Aut
405 1524 485 1578 rutilo
497 1525 569 1579 missi
578 1524 697 1579 fulminis
707 1526 768 1599 igne
781 1543 890 1579 cremer.

766 1612 813 1676 ΙΙΙ,
823 1609 854 1681 63
864 1630 871 1676 ;
883 1609 954 1665 Aen.
964 1610 1012 1675 IV,
1024 1624 1068 1676 24,
1081 1621 1131 1663 etc.
1147 1620 1155 1643 ¹

220 1742 315 1802 Locos
339 1740 405 1802 illos
427 1755 455 1801 et
481 1742 566 1815 alios,
590 1744 640 1824 qui
664 1762 699 1803 ex
721 1742 816 1804 nobili
842 1742 943 1824 aliquo
965 1743 1070 1802 Latino
1093 1742 1244 1802 Graecove

180 1847 267 1915 poeta
282 1834 311 1894 in
328 1835 430 1897 Ovidii
445 1837 573 1896 carmina
586 1850 752 1911 manarunt,
770 1856 831 1897 non
845 1835 1030 1918 neglegentia
1044 1835 1095 1895 sed
1108 1834 1245 1896 consulto

180 1927 368 1989 adumbratos
383 1927 419 1989 ab
434 1929 493 1989 hoc
510 1950 573 1989 esse
589 1930 738 2004 existim0‚
755 1944 788 1989 ut
803 1944 832 1991 et
848 1930 1001 1990 scientiam
1016 1950 1099 1989 suam
1116 1942 1244 1989 ostenta·

180 2037 223 2083 ret
243 2036 272 2083 et
289 2023 400 2105 ingenii
421 2021 611 2083 subtilitatem
634 2025 663 2083 in
682 2024 872 2090 suscipiendo
892 2022 1065 2084 huiusmodi
1084 2022 1244 2082 certamine

180 2115 328 2197 probaret,
352 2116 447 2177 doctis
471 2116 599 2197 denique
625 2116 787 2178 luminibus
813 2130 984 2178 contextum
1010 2116 1152 2177 orationis
1175 2135 1244 2175 suae

180 2211 262 2292 quasi
281 2208 438 2270 coloraret.
454 2210 500 2270 Ad
513 2208 745 2270 confirmandam
766 2211 842 2270 hanc
858 2211 1034 2291 opinionem
1045 2209 1163 2291 egregie
1178 2207 1245 2268 facit

181 2303 254 2364 illud
268 2302 348 2385 quod
365 2304 407 2364 M.
421 2305 457 2362 A.
473 2304 585 2363 Seneca
601 2303 636 2363 de
653 2304 756 2365 Ovidii
769 2305 893 2364 minime
904 2302 1095 2364 dissimulatis
1107 2302 1244 2363 imitatio-

181 2396 268 2458 nibus
283 2396 380 2471 refert,
400 2398 483 2457 Suas.
502 2398 542 2457 III
559 2421 565 2457 :
589 2421 603 2453 <r
622 2400 688 2457 Hoc
702 2412 800 2458 autem
816 2397 931 2458 dicebat
946 2396 1044 2479 Gallio
1058 2397 1171 2455 Nasoni
1189 2415 1245 2455 suo

180 2490 264 2551 valde
277 2490 440 2573 placuisse3
456 2492 554 2573 itaque
571 2490 674 2551 iecisse
688 2491 769 2572 quod
784 2493 815 2551 In
831 2490 932 2551 multis
946 2490 1011 2550 aliis
1024 2488 1158 2550 versibus
1171 2490 1244 2549 Ver·

180 2584 269 2666 gilius
289 2584 407 2660 fecerat,
432 2605 493 2645 non
514 2584 690 2666 surripiendi
708 2604 806 2658 causa,
829 2584 881 2644 sed
900 2582 995 2665 palam
1018 2582 1164 2657 imitandi,
1187 2583 1245 2643 hoc

181 2680 282 2739 animo
298 2691 331 2739 ut
342 2676 430 2739 vellet
444 2678 584 2761 agnosci3
599 2698 662 2738 esse
677 2691 775 2739 autern
794 2678 824 2739 in
839 2677 989 2759 tragoedia
1004 2678 1068 2737 eius
1082 2674 1216 2757 (Medea)
1236 2697 1243 2735 :

182 2773 271 2832 Feror
293 2772 354 2833 huc
377 2771 459 2847 illuc,
480 2785 512 2832 ut
532 2771 619 2853 plena
640 2772 707 2832 deo.
734 2795 750 2827 s
771 2772 854 2832 Sicut
877 2772 957 2831 enim
983 2771 1073 2830 huius
1094 2771 1244 2851 magister,

182 2868 292 2925 Fuscus
303 2864 443 2939 Arellius,
460 2867 490 2925 in
508 2867 645 2927 suasoriis
659 2864 771 2925 solebat
785 2885 820 2924 en
834 2864 966 2945 Vergilio
985 2862 1078 2923 multa
1090 2864 1204 2923 trahere
1217 2876 1246 2922 et

182 2960 212 3018 in
227 2958 324 3041 aliqua
344 2958 510 3039 Vergiliana
529 2948 726 3041 descriptione
744 2978 831 3039 saepe
847 2956 1017 3017 versabatur
1034 2958 1081 3038 (M
1112 2957 1150 3016 A.
1173 2956 1243 3015 Sen.

182 3052 282 3133 ibid),
298 3053 336 3113 ita
345 3051 471 3133 diligens
487 3051 650 3134 docilisque
661 3054 785 3113 rhetoris
801 3051 974 3133 discipulus,
990 3053 1070 3111 Naso
1083 3063 1194 3125 noster,
1211 3069 1245 3108 ex

182 3145 243 3206 Ecl.
260 3147 371 3227 Georg.
389 3160 417 3206 et
434 3148 508 3207 Aen.
526 3144 607 3206 libris
622 3161 651 3207 et
662 3166 696 3206 ex
706 3146 832 3206 aliorum
847 3146 954 3227 pariter
964 3158 1119 3226 poetarum
1131 3144 1246 3223 scriptis

182 3240 327 3322 quaedam
347 3241 509 3321 usurpavit,
532 3241 592 3300 sive
612 3260 646 3300 ea
665 3260 718 3322 per
736 3238 964 3320 imprudentiam
983 3237 1161 3311 exciderant,
1185 3237 1245 3295 sive

183 3334 281 3414 potius
296 3333 475 3415 distinguere
490 3334 538 3393 his
556 3333 770 3395 imitationibus
790 3353 841 3393 sua
857 3332 997 3405 carmina,
1017 3345 1157 3411 tanquam
1177 3330 1246 3389 insi·

182 3426 291 3509 gnibus
304 3429 334 3487 in
347 3441 466 3501 ornatu,
484 3426 620 3508 cupiebat
635 3440 657 3489 ².

215 3631 236 3664 1.
255 3614 292 3663 CI.
304 3614 418 3678 Zingerle,
428 3623 462 3677 op.
476 3616 525 3673 cit,
539 3616 570 3672 ΙΙ,
584 3630 607 3678 p.
621 3614 650 3674 48
661 3630 712 3678 sqq.

214 3706 236 3739 2.
255 3690 292 3739 (ΣΙ.
306 3690 389 3755 Epist,
403 3692 444 3749 ΙΙΙ,
455 3705 494 3753 47,
507 3706 547 3753 92,
560 3705 599 3753 97,
619 3704 674 3753 109,
685 3701 707 3737 et
721 3690 775 3746 XII,
791 3688 833 3735 161
845 3704 899 3737 cum
913 3688 984 3736 Hom.
999 3689 1040 3747 Il,
1053 3686 1116 3742 XIX,
1133 3700 1186 3749 293,
1202 3684 1245 3742 IX,

186 3778 238 3827 525,
253 3781 306 3828 179,
319 3780 372 3829 274,
386 3768 428 3824 Vl,
436 3781 482 3828 429
490 3784 496 3823 ;
505 3767 588 3829 Epist.,
600 3766 653 3824 XII,
664 3781 704 3827 43,
713 3767 751 3826 83,
762 3780 817 3812 cum
824 3764 894 3828 Apol.
904 3763 983 3811 Rhod.
992 3764 1060 3826 Arg,
1073 3764 1114 3819 III,
1126 3776 1170 3821 320
1180 3776 1246 3823 sqq.;

184 3843 266 3904 Epist,
280 3842 322 3900 IX,
336 3840 375 3902 46,
388 3858 443 3890 cum
458 3842 537 3891 Catul.
553 3844 631 3905 Epiri.
647 3842 694 3889 Pel.
710 3853 734 3889 et
747 3841 820 3900 reru,
840 3842 883 3899 328
896 3855 959 3903 sqq.,
977 3850 1021 3887 etc.
1035 3840 1096 3885 Vide
1109 3837 1215 3900 Zingerle
1225 3848 1247 3883 et

185 3916 332 3990 Luenebu5g‚
345 3928 378 3982 op.
397 3910 449 3978 ciffi
463 3918 509 3968 Th.
526 3920 583 3977 But,
601 3926 634 3981 op.
648 3919 696 3976 cit,
711 3920 735 3965 in
748 3919 778 3965 R.
794 3918 820 3964 M
845 3932 868 3980 p.
889 3916 932 3980 398
944 3930 1014 3979 sqq.;
1030 3915 1052 3977 J.
1069 3913 1198 3973 Tollriehn,
1212 3921 1246 3974 op.

184 3996 234 4052 cil„
250 4011 273 4061 p.
284 3992 366 4057 'til-84.
482 3998 484 4001 ’
1146 3990 1150 3995 ’
