3159 5017
724 922 857 987 CAPUT
878 924 931 986 tv.

473 1180 511 1225 DE
533 1182 654 1226 urceum
676 1182 801 1241 GENERE,
824 1183 961 1229 SERMONE
980 1182 1189 1235 NUHERISQUB.

339 1434 373 1493 ln
402 1434 568 1503 Heroidum
596 1434 730 1516 epistulis
758 1454 911 1499 summum
931 1435 1074 1497 orationis
1099 1434 1256 1498 artificium
1276 1434 1363 1498 facile

296 1542 437 1609 agnoscet
449 1529 501 1611 qui
516 1548 564 1589 eas
577 1528 711 1611 diligenti
726 1529 826 1592 studio
841 1529 1001 1607 evolverit3
1019 1551 1088 1591 nam
1104 1530 1129 1592 si
1141 1529 1321 1591 doctissimis
1334 1543 1365 1591 et

297 1619 415 1703 linguae
435 1622 542 1683 latinae
568 1624 754 1705 peritissimis
770 1624 842 1686 viris
861 1624 936 1685 fides
961 1622 1097 1685 habenda
1116 1637 1170 1700 est,
1194 1623 1362 1707 politissimi

298 1716 434 1777 omnium
448 1716 551 1779 Ovidii
562 1716 705 1779 librorum
721 1717 764 1779 illi
777 1732 858 1794 sunt,
871 1732 905 1779 ut
916 1720 992 1795 aitJ.
1004 1719 1043 1798 C.
1056 1718 1197 1801 Scaliger,
1209 1721 1293 1781 Poet.
1307 1720 1362 1794 VI,

299 1826 329 1885 7,
352 1808 411 1871 loc.
431 1810 470 1873 cit
491 1830 499 1872 τ
520 1831 622 1872 «nam
643 1825 673 1873 et
692 1814 854 1874 sententiae
874 1826 943 1873 sunt
955 1812 1083 1873 illustres
1102 1826 1132 1873 et
1145 1812 1268 1875 facilitas
1281 1832 1364 1874 com-

300 1904 407 1987 posita,
432 1918 462 1966 et
486 1907 602 1967 numeri
625 1906 745 1988 poetici.
772 1930 788 1963 a
812 1906 1087 1990 Ciofanusquoque
1105 1904 1313 1968 Sulmonensis
1332 1906 1364 1968 in

301 1998 425 2061 Heroid.
454 1999 648 2081 praefatione,
677 2012 821 2083 quantum
838 2000 990 2061 doctrinae
1013 2014 1044 2062 et
1066 1999 1227 2082 elegantiae
1253 2001 1285 2060 in
1317 2000 1365 2061 his

301 2091 435 2177 epistulis
454 2092 619 2155 exhibuerit
636 2093 775 2170 Ovidius,
798 2095 974 2154 doctissimis
990 2091 1158 2177 quibusque
1176 2108 1365 2176 perspectum

300 2200 387 2269 atque
402 2186 587 2268 exploratum
604 2207 667 2249 esse
682 2187 888 2249 animadvertit
901 2210 909 2262 ;
924 2208 1039 2249 summa
1055 2202 1155 2249 tamen
1170 2188 1234 2249 eius
1248 2202 1366 2249 senten-

300 2282 368 2357 tiae,
387 2282 462 2342 sicut
478 2282 614 2343 omnium
629 2281 778 2343 editorum
795 2282 1175 2365 emendatorumque,[haec
1185 2296 1250 2344 est:
1270 2283 1367 2343 «artis

300 2377 434 2457 poeticae
448 2390 615 2457 praecepta,
638 2396 713 2459 quae
730 2377 760 2436 in
772 2376 820 2436 his
836 2378 938 2437 insunt
952 2396 1010 2437 una
1024 2396 1093 2438 cum
1108 2378 1197 2437 variis
1213 2374 1366 2437 affectibus

301 2468 418 2551 quibus,
433 2471 484 2553 qui
496 2484 607 2545 amant,
617 2471 830 2545 excruciantur,
846 2472 959 2552 optime
975 2490 1110 2551 expressa
1118 2484 1197 2541 sunt,
1205 2470 1365 2552 omniaque

300 2562 374 2624 haec
394 2565 434 2625 ita
454 2562 552 2625 efficta
572 2562 722 2646 leguntur,
744 2566 839 2640 vixut
851 2565 931 2646 apud
950 2586 1006 2626 nos
1020 2562 1095 2625 liber
1109 2564 1156 2639 sit,
1170 2565 1221 2647 qui
1235 2583 1305 2626 cnm
1319 2563 1367 2624 his

301 2658 407 2718 merito
427 2657 605 2720 conferatur.
629 2683 644 2715 a>
668 2657 815 2741 Equidem
837 2660 910 2720 haec
931 2660 962 2718 in
982 2658 1238 2740 praestantissimis
1262 2656 1365 2718 Ovidii

300 2751 491 2826 carminibus,
516 2765 661 2835 quatenus
679 2752 714 2813 ad
730 2754 896 2815 orationem
912 2754 1051 2834 pertinet,
1066 2751 1287 2813 annumeranda
1302 2770 1367 2812 esse

302 2864 421 2917 censeo,
449 2858 479 2905 et
504 2846 631 2928 quadam
651 2846 912 2907 commendatione
938 2845 1027 2927 digna
1045 2864 1166 2929 quoque
1188 2857 1267 2921 sunt,
1285 2843 1367 2928 quod

302 2939 520 3001 Ouidianorum
557 2941 589 3001 in
616 2939 785 3023 eloquendo
818 2941 958 3001 vitiorum
989 2940 1191 3023 virtutumque
1216 2939 1366 3022 specimen

302 3033 452 3096 exhibent.

343 3129 421 3189 Vitia
438 3129 519 3189 enim
544 3129 574 3191 in
595 3128 642 3191 his
667 3129 828 3213 conspicua
853 3140 1006 3211 apparent,
1033 3147 1119 3211 quae,
1145 3126 1257 3188 Ovidio
1285 3127 1366 3209 quasi

303 3224 443 3307 ingenita,
470 3243 505 3285 ex
521 3225 591 3308 ipsis
603 3224 667 3285 eius
680 3222 838 3284 virtutibus
850 3223 956 3285 exoriri
974 3234 1070 3304 putes.
1085 3220 1221 3283 Offendit
1237 3221 1367 3303 primum

302 3318 478 3380 exundantis
492 3319 604 3401 ingenii
618 3316 744 3393 luxuria,
754 3316 846 3401 quod,
858 3317 946 3379 nullis
954 3316 1045 3378 frenis
1057 3315 1289 3391 moderantibus,
1297 3335 1367 3376 cum

302 3414 415 3495 impetu
429 3412 558 3496 quodam
569 3433 602 3473 ac
612 3413 723 3473 maiore
736 3411 925 3474 festinatione
935 3412 1101 3493 componit,
1117 3429 1207 3493 quam
1221 3422 1254 3470 ut
1263 3428 1366 3491 pecca·

301 3509 338 3569 tis
358 3507 550 3569 emendandis
567 3505 740 3589 diligentem
761 3506 811 3567 det
827 3526 950 3589 operam
969 3520 999 3568 et
1016 3505 1139 3566 nimiam
1157 3502 1367 3565 verbositatem

301 3602 418 3665 recidat.
432 3604 474 3663 Ex
486 3603 539 3663 ista
553 3600 740 3683 neglegentia
751 3601 833 3661 venit
843 3613 909 3661 tum
923 3601 1022 3660 ieiuna
1035 3599 1245 3661 sententiarum
1260 3596 1364 3657 inirac-

301 3698 343 3758 tio
369 3710 398 3758 et
420 3696 523 3779 putida
546 3694 701 3772 subtilitas,
722 3709 786 3758 tum
808 3696 839 3755 in
859 3693 1059 3755 describendis
1078 3691 1165 3753 rebus
1186 3704 1314 3753 resecata
1335 3692 1367 3751 in

302 3792 439 3853 minimas
462 3804 559 3872 partes
582 3789 742 3851 delineatio
761 3803 790 3851 et
811 3790 841 3851 in
866 3786 1080 3849 narrationibus
1108 3785 1223 3867 singula
1243 3804 1365 3846 enume-

302 3886 384 3947 randi
403 3884 548 3946 indelessa
565 3884 761 3959 consuetudo,
781 3898 815 3945 ut
828 3902 925 3965 saepe,
949 3882 1067 3943 mutatis
1085 3878 1195 3955 verbis,
1212 3879 1366 3961 cogitatio·

303 4001 355 4043 nes
377 3978 498 4041 eaedem
516 3999 570 4062 per
587 3978 809 4062 pluresssversus
827 3990 1007 4060 repetantur.
1027 3978 1069 4037 lta
1087 3972 1238 4055 Penelope
1259 3973 1367 4035 iterum
