3159 5017
733 839 868 901 CAPUT
887 842 929 901 VI

445 1058 484 1099 oe
506 1058 666 1101 naaotoun
689 1058 909 1103 rnomromaos
930 1059 967 1101 ar
987 1058 1205 1103 runatontaos.

337 1238 481 1299 Ovidium
500 1252 613 1299 mature
631 1238 771 1300 sesamae
789 1253 819 1298 et
832 1240 996 1320 posteritati
1010 1241 1168 1300 inseruisse
1183 1242 1251 1301 inde
1267 1242 1362 1301 mani·

296 1330 405 1391 festum
423 1345 477 1406 est,
496 1333 577 1414 quod
596 1346 664 1413 post
685 1334 749 1392 eius
769 1333 868 1393 statim
887 1347 1016 1393 mortem
1038 1353 1137 1393 rerum
1156 1335 1313 1415 scriptores
1334 1349 1364 1396 et

297 1425 488 1485 eruditissimi
503 1426 570 1500 viri,
591 1425 692 1507 quales
707 1425 841 1487 Velleius
856 1426 1038 1500 Paterculus,
1058 1427 1181 1503 Seneca,
1198 1427 1277 1503 alii¹,
1301 1428 1361 1488 lau·

296 1517 381 1578 dibus
396 1518 480 1579 illum
495 1520 610 1579 eximiis
623 1519 816 1594 sustulerunt,
833 1534 862 1581 et
877 1520 1018 1601 deinceps
1033 1540 1186 1602 nunquam
1203 1521 1363 1582 defuerunt

296 1610 346 1691 qui
361 1607 544 1690 principibus
565 1610 642 1669 inter
664 1610 783 1669 Latinos
802 1610 900 1690 poetis
921 1610 1002 1670 hunc
1021 1611 1279 1671 annumerandum
1299 1630 1364 1671 esse

296 1701 520 1762 contenderent.
544 1703 645 1773 Quem
665 1703 765 1763 locum
784 1722 858 1762 vero
878 1704 1000 1763 Heroid.
1018 1703 1168 1785 Epistulae
1188 1704 1219 1764 in
1234 1705 1362 1786 pruden-

296 1796 372 1857 tium
388 1796 491 1855 studiis
503 1797 663 1867 tenuerint,
678 1797 764 1857 certis
779 1796 899 1857 indiciis
915 1798 1001 1857 statui
1016 1810 1125 1878 potest.
1142 1799 1219 1857 Nam
1232 1799 1282 1857 vix
1297 1797 1364 1859 illae

297 1890 327 1949 in
351 1889 449 1950 lucem
472 1890 654 1971 prodierant,
686 1911 754 1951 cum
777 1890 914 1972 pluribus
942 1889 1123 1951 carminibus
1151 1892 1364 1972 responsiones

297 1983 489 2043 concinnavit
507 1997 595 2064 poeta
615 1984 727 2045 Ovidio
750 1983 892 2065 aequalis,
913 1984 948 2043 de
964 1985 1072 2065 quoin
1091 1984 1223 2045 editione
1238 1987 1362 2059 Veneta,

297 2095 345 2136 an.
366 2077 452 2150 1486,
473 2076 546 2136 haec
562 2076 729 2157 leguntur:
754 2102 769 2133 α
791 2079 829 2139 Α.
846 2076 985 2151 Sabinus,
1002 2098 1093 2160 eques
1114 2079 1267 2138 Romanus
1288 2077 1364 2139 cele·

298 2169 444 2229 berrimus
457 2184 609 2252 vatesque,
631 2172 758 2231 Nasonis
780 2170 966 2252 temporibus
979 2170 1093 2231 floruit.
1110 2172 1172 2241 Qui
1187 2172 1240 2231 has
1259 2192 1365 2231 omnes

298 2264 501 2344 responsorias
514 2278 543 2324 et
557 2263 627 2324 alias
642 2264 745 2339 edidit,
759 2285 836 2347 quae
852 2284 914 2325 non
925 2266 1124 2346 reperiuntur.
1140 2289 1155 2320 n
1172 2267 1216 2324 De
1228 2267 1295 2346 ipso
1306 2266 1365 2325 hoc

298 2358 374 2431 vir0,
398 2371 512 2438 praeter
533 2358 617 2433 haec,
641 2357 716 2418 nihil
740 2359 903 2419 memoriae
922 2358 959 2418 ab
982 2359 1083 2419 Ovidii
1104 2372 1197 2418 aetate
1212 2359 1365 2439 proditum

298 2462 353 2530 est,
374 2449 510 2510 videlicet
531 2452 599 2533 quia
619 2452 777 2512 mediocris
799 2452 887 2513 huius
909 2453 945 2512 ad
964 2453 1112 2534 poeticam
1132 2466 1224 2511 artem
1243 2451 1365 2512 facultas

298 2544 418 2603 exstitit.
436 2545 516 2603 Naso
536 2559 635 2605 autem
650 2544 779 2627 benigne
795 2559 824 2606 et
836 2546 958 2627 copiose
977 2545 1093 2605 duobus
1109 2545 1286 2605 carminibus
1301 2547 1365 2606 eius

298 2638 482 2698 mentionem
494 2638 574 2711 fecit,
587 2640 654 2700 Am.
669 2641 706 2715 ΙΙ,
726 2642 760 2700 18
776 2653 806 2699 et
818 2640 911 2720 Epist.
929 2659 965 2698 ex
980 2641 1089 2712 Pont0,
1107 2641 1157 2713 lV,
1178 2642 1230 2714 163
1248 2658 1282 2699 ex
1300 2642 1364 2721 qui·

298 2729 353 2789 bus
375 2751 443 2790 cum
465 2732 597 2791 virorum
614 2732 736 2792 nomine
756 2732 936 2792 Heroidibus
958 2734 1134 2813 rescriptum
1152 2731 1189 2791 ab
1208 2733 1277 2806 hoc,
1300 2746 1364 2793 tum

298 2822 353 2882 alia
365 2837 514 2904 poemata,
529 2825 645 2885 dierum
660 2825 771 2885 scilicet
784 2846 861 2907 opus
875 2827 935 2885 sive
951 2828 1062 2900 FastoS,
1079 2840 1107 2885 et
1122 2826 1285 2900 Troezena,
1303 2827 1364 2886 sive

298 2918 417 2997 epicum
432 2918 581 2999 quoddam
597 2919 777 2999 tragicumve
793 2939 923 2993 carmen,
940 2920 1047 3000 scripta
1062 2939 1126 2979 esse
1140 2919 1233 3001 liquet
1250 2940 1257 2979 τ

512 3051 544 3103 Et
556 3054 600 3121 qui
616 3051 764 3123 Penelopae
774 3053 913 3106 rescribere
925 3053 1000 3105 iussit
1014 3052 1123 3118 Ulixen,

511 3136 650 3189 Errantem
662 3153 741 3191 saevo
753 3154 799 3207 per
810 3137 865 3190 duo
877 3136 958 3190 lustra
970 3137 1052 3201 mari;

513 3220 619 3291 Quique
632 3238 707 3274 suam
722 3220 860 3275 Troezena
875 3220 1113 3293 imperfectumque
1125 3222 1229 3276 dierum

512 3305 635 3358 Deseruit
649 3304 726 3358 celeri
740 3318 827 3359 morte
842 3306 955 3359 Sabinus
969 3323 1046 3376 opus.
1107 3295 1110 3299 ⁵

341 3431 384 3487 De
400 3428 488 3489 huius
501 3444 607 3511 poetae
627 3431 686 3492 vita
705 3432 880 3513 scriptisque
902 3431 973 3513 quid
995 3431 1185 3491 sentiendum
1207 3431 1243 3491 sit
1264 3444 1293 3490 et
1310 3450 1365 3511 pro

301 3534 380 3581 certo
402 3536 451 3582 aut
471 3523 573 3584 saltem
593 3523 738 3605 probabili
759 3524 861 3584 haberi
884 3537 983 3606 queat,
1007 3525 1178 3584 doctissime
1205 3524 1365 3604 disputavit

300 3616 377 3675 inter
391 3614 464 3675 alios
477 3620 504 3693 J.
523 3618 594 3679 Chr.
619 3619 691 3677 lahn
707 3619 737 3677 in
753 3618 854 3679 libello
869 3619 1038 3678 academico
1053 3620 1104 3699 qui
1118 3618 1276 3699 inscriptus
1292 3631 1336 3677 est
1355 3638 1362 3677 τ

301 3711 345 3768 De
361 3710 393 3770 P.
412 3710 513 3770 Ovidii
527 3725 556 3771 et
565 3714 600 3771 A.
620 3711 720 3772 Sabini
731 3710 866 3793 epistulis
879 3712 1051 3793 disputatio,
1071 3711 1198 3792 Lipsiae,
1219 3713 1312 3785 1826;
1328 3711 1366 3771 ad

301 3821 390 3883 quem
413 3822 443 3862 se
465 3804 607 3880 conferat,
625 3825 651 3866 c.
676 3807 712 3880 ll,
729 3826 759 3886 p.
786 3825 819 3882 19
836 3825 900 3886 sqq.
918 3805 941 3863 si
960 3805 1027 3885 quis
1048 3816 1141 3864 totam
1159 3804 1365 3886 quaestionem

336 3949 429 3996 1.Vel.
449 3952 499 3998 Pat.
517 3952 533 3997 l.
554 3951 584 4009 11,
603 3968 624 3999 c.
644 3951 685 4013 3⁶1
705 3952 771 4010 Sem,
794 3953 884 4010 Quaeri.
906 3956 965 4008 nat„
986 3952 1028 4007 ΙΙΙ,
1047 3965 1085 4013 27,
1106 3952 1137 4007 V,
1160 3949 1198 4008 16,
1216 3951 1289 4013 epist„
1310 3962 1364 4010 115.

303 4024 342 4073 (ΣΙ.
356 4024 451 4084 Quint,
464 4027 481 4073 l.
495 4026 529 4083 X;
541 4028 662 4085 Martialis,
675 4031 745 4092 epigr.
758 4028 789 4085 V,
805 4042 842 4087 10,
853 4028 919 4087 Vlll,
930 4026 974 4090 6„
988 4026 1056 4077 Statii
1069 4026 1138 4084 Silta,
1154 4027 1184 4084 ll,
1195 4040 1219 4091 7.
