3159 5017
790 552 832 582 τε.
853 520 948 609 {8²¹²

426 690 429 695 Δ
459 653 553 706 4ΙΧΧΧεΧ
566 668 643 725 quos,
658 652 779 718 memini,
793 651 860 705 dum
875 668 919 706 me
937 667 999 707 mea
1013 649 1206 716 fatasinebant,

478 735 563 791 Non'
557 737 642 791 rnvisa
661 736 709 791 tibi
721 752 779 808 pars
795 753 846 808 ego
859 753 937 808 saepe
948 735 1021 791 fui...

475 821 531 876 Vos
542 838 659 895 quoque,
673 833 809 875 consortes
819 820 947 888 studii,
922 837 965 892 pra
977 820 1063 888 turba,
1077 832 1203 891 poetae...

475 905 578 961 Dicat·
593 906 638 961 ubi
650 918 691 960 est
705 907 788 961 nostri
803 922 862 977 pars
878 906 961 960 modo
979 905 1052 961 Naso
1064 904 1174 960 chori?

337 1035 522 1117 Equidem
551 1035 688 1097 existimo
719 1035 853 1097 recitanti
884 1036 954 1095 huic
984 1034 1135 1118 quasdam
1159 1036 1230 1095 Her.
1259 1032 1401 1115 epistulas

333 1148 486 1211 assurgere
504 1130 620 1210 saepius
642 1128 778 1189 debuisse
793 1128 910 1189 sodales
924 1142 953 1189 et
968 1127 1065 1189 verbis
1079 1127 1115 1190 ab
1134 1130 1259 1190 Horatio
1272 1128 1400 1210 exagita-

332 1223 379 1297 tis,
403 1221 439 1281 ad
457 1220 516 1284 Pis.
537 1226 607 1298 428,
633 1222 822 1285 exclamare:
846 1221 983 1304 pulchre,
1011 1221 1098 1298 bene,
1117 1225 1212 1283 recte!
1234 1222 1398 1304 Aptissime

335 1316 416 1377 e'nirn
436 1317 679 1380 convenientium
697 1316 728 1375 in
745 1316 804 1376 hos
821 1324 924 1377 'coetus
941 1330 1096 1423 poetarum
1120 1316 1230 1377 iudicio
1248 1316 1321 1377 haec
1335 1335 1399 1377 car-

332 1410 413 1471 mina
429 1408 666 1493 respondebant3
686 1424 717 1470 et
735 1410 896 1492 inquirenti
915 1411 1042 1492 primam
1062 1409 1228 1471 Heroidum
1246 1409 1398 1491 cogitatio·

333 1524 401 1567 nem
418 1504 496 1565 haud
514 1504 768 1566 contemnendum
778 1518 998 1586 argumentum,
1008 1505 1044 1565 de
1054 1525 1114 1588 quo
1129 1503 1292 1586 loquimur,
1306 1502 1399 1563 videri

332 1611 439 1679 potest
458 1600 499 1659 Ut
515 1607 583 1665 me'a
596 1597 717 1681 quidem
732 1598 788 1659 fert
802 1600 926 1680 opinio,
945 1612 1100 1681 perspecta
1113 1597 1302 1660 cumbarum
1319 1597 1399 1679 epis-

331 1690 460 1752 tularum
480 1692 612 1767 materia,
631 1706 694 1753 tum
714 1693 871 1753 Nasonis
864 1693 1000 1774 mgenio,
1021 1692 1195 1799 denique
1170 1711 1233 1752 erus
1251 1692 1281 1751 in
1299 1692 1398 1752 rheto-

331 1805 397 1845 rum
410 1785 520 1847 scholis
536 1785 793 1848 exercitationibus
814 1788 1021 1869 posteriusque
1041 1786 1220 1867 tragicorum
1232 1785 1398 1846 carminum

331 1878 442 1955 studio,
464 1880 544 1941 hunc
561 1879 738 1942 contendam
754 1894 906 1942 auctorem
923 1894 1011 1962 atque
1028 1881 1216 1941 inventorem
1231 1878 1397 1940 Heroidum

330 1972 432 2049 fuisse,
449 1974 478 2035 id
496 1974 601 2055 quod
593 1994 657 2057 rpse
673 1972 867 2035 celeberrimo
888 1976 952 2035 Art.
968 1976 1037 2035 Am.
1061 1973 1142 2050 loco,
1164 1974 1219 2049 ΙΙΙ,
1240 1990 1307 2051 345,
1325 1992 1397 2055 pro-

331 2064 453 2130 fitetur.

543 2201 594 2256 Vel
608 2200 656 2255 tibi
667 2200 817 2273 composita
828 2214 949 2256 cantetur
963 2201 1083 2274 Epistula
1094 2218 1174 2268 voce3

543 2286 672 2359 ignotum
689 2288 743 2341 hoc
753 2286 811 2340 aliis
823 2285 867 2341 ille
881 2288 990 2341 novavit
1001 2302 1099 2359 opus·

371 2424 412 2483 Ex
427 2422 473 2483 his
488 2422 672 2499 versibus,
650 2444 837 2485 s1venexum
853 2425 1027 2499 sententiae,
1044 2426 1106 2484 sive
1122 2422 1210 2485 verba
1223 2447 1239 2480 Χ
1258 2424 1396 2507 ignotum

331 2518 395 2579 aliis
409 2536 485 2597 opus
500 2517 623 2578 novavit
643 2542 657 2574 Χ
672 2518 804 2623 respicis,
821 2533 941 2624 apparet
954 2519 1136 2579 inventionis
1152 2516 1237 2579 laude
1250 2517 1396 2578 Ovidium

330 2594 487 2716 gloriatum
503 2630 580 2671 esse
573 2631 696 2693 ‚neque
715 2612 878 2687 immerito,
899 2633 924 2671 sr
916 2611 1065 2673 verbum
1087 2610 1216 2694 Epistula
1232 2611 1290 2671 hoc
1307 2629 1395 2670 sensu

329 2704 481 2784 accipitur,
511 2718 544 2764 ut
577 2724 691 2765 novum
719 2704 870 2787 quoddam
903 2706 1069 2766 camrinum
1107 2724 1201 2786 genus
1236 2702 1399 2785 significet.

330 2798 512 2878 Quanquam
536 2817 569 2858 ea
592 2818 662 2859 sane
687 2813 843 2881 pervagata
869 2813 913 2860 est
938 2798 1123 2859 eruditorum
1144 2799 1275 2858 virorum
1298 2799 1396 2859 nostra

329 2903 422 2950 aetate
446 2892 561 2997 opinio,
577 2905 677 2952 tamen
695 2912 756 2953 non
776 2893 827 2952 abs
845 2912 875 2953 re
890 2906 935 2953 est
950 2892 1164 2974 disputationes
1178 2906 1314 2952 excutere
1327 2912 1395 2952 cum

329 3004 436 3045 eorum
451 2984 510 3068 qui
532 2985 638 3046 hanc
631 2986 815 3047 rnventionis
833 2965 952 3048 laudem
971 2987 1126 3068 Propertio
1145 2985 1266 3068 quidem
1284 2983 1394 3061 deberi,

330 3078 475 3138 Ovidium
488 3092 587 3140 autem
598 3079 628 3137 in
639 3080 685 3139 his
697 3079 875 3141 carminibus
885 3080 973 3140 huius
983 3080 1115 3162 vestigiis
1123 3080 1262 3140 institisse
1273 3092 1395 3139 conten·

329 3170 447 3245 derunt,
469 3185 532 3232 tum
550 3191 654 3233 eorum
667 3174 717 3255 qui
732 3193 767 3233 ex
783 3172 901 3233 Graecis
914 3172 1046 3234 lontibus
1065 3174 1137 3234 haec
1157 3190 1291 3233 manasse
1307 3186 1395 3253 puta-

330 3279 447 3326 verunt
464 3264 548 3326 Illam
567 3266 683 3327 sentent
684 3267 754 3341 i,am
771 3264 941 3327 Ovidium
933 3287 964 3326 rn
980 3264 1160 3327 Heroidibus
1174 3267 1287 3326 Graeca
1296 3284 1394 3326 errem

329 3356 377 3439 pla
404 3359 552 3419 imitatum
578 3379 642 3420 esse
667 3360 758 3420 tuitus
785 3372 830 3419 est
857 3359 933 3421 Xav.
964 3360 1115 3421 Werfer
1107 3381 1138 3431 ΧΧΧ
1171 3357 1318 3441 opusculo
1346 3359 1394 3419 cui

329 3472 439 3512 nomen
460 3466 503 3513 est
523 3476 538 3509 c
558 3454 764 3533 Lectionum
757 3474 787 3512 m
805 3454 838 3512 P
863 3452 966 3513 Ovidii
983 3454 1114 3513 Nasonis
1133 3451 1279 3513 Heroides
1300 3453 1393 3534 speci·

328 3565 445 3619 mens,
468 3546 499 3605 in
521 3547 589 3607 Act.
598 3549 724 3627 Monac
748 3545 839 3607 Tom
863 3548 886 3620 Ι,
909 3548 990 3607 Fasc
1010 3549 1060 3608 lV
1082 3548 1221 3628 Nempe
1214 3567 1244 3606 rn
1264 3544 1404 3621 scholio,

328 3626 437 3720 quod
430 3660 460 3699 m
481 3640 627 3722 principio
645 3640 756 3700 codicis
770 3640 918 3700 Victorini
937 3639 1004 3699 ab
996 3660 1062 3722 rpso
1083 3640 1182 3700 collati
1199 3652 1302 3715 exstat,
1320 3639 1394 3699 haec

327 3731 414 3793 verba
428 3730 591 3814 leguntur:
604 3756 618 3791 c
634 3732 762 3793 Ovidius
778 3733 946 3839 Epistulas
938 3747 1007 3793 rstas
1021 3733 1057 3793 ab
1072 3733 1184 3794 Esodro
1193 3746 1279 3815 poeta
1288 3752 1393 3814 graece

328 3827 476 3908 conscript
478 3846 508 3886 as
519 3827 549 3887 in
560 3826 685 3887 latinum
700 3827 830 3889 novavit
840 3850 856 3883 s
868 3826 964 3887 Tum'
958 3847 987 3887 m
997 3826 1300 3915 codicisTrevirensis
1313 3824 1393 3886 calce

327 3934 525 3981 consentanea
535 3920 608 3981 huic
624 3920 762 4002 opinioni
777 3920 987 4002 reperiuntur:
1008 3944 1023 3977 c
1038 3921 1069 3981 ln
1082 3940 1142 4002 quo
1155 3910 1245 4001 opere
1262 3920 1393 3980 imitatus

326 4020 369 4073 e'st
384 4013 545 4075 Ysidorum
561 4028 590 4075 et
604 4016 738 4076 Astream
749 4014 895 4096 poetriam
909 4013 945 4074 ad
960 4011 1136 4076 memoriam
1149 4012 1290 4095 epistulas
1305 4008 1391 4091 redu
