3159 5017
649 510 809 574 ..25-

198 631 391 694 scribentium
414 647 443 694 et
465 632 593 695 dolentis
609 631 701 693 animi
717 644 832 693 teneras
854 629 988 712 querelas
1006 630 1217 707 fundentium;
1237 630 1268 692 in

198 747 258 811 quo
273 748 363 809 opere
376 747 479 788 cavere
492 748 529 788 ne
542 746 603 788 uno
621 740 725 788 tenore
739 726 845 788 flueret
862 725 913 786 illa
926 725 1072 788 cantilena
1087 741 1117 787 et
1133 726 1267 787 fastidio*

198 842 264 883 sum
280 820 448 904 quid'brevi
464 833 626 895 resonaret,
646 840 708 882 non
730 820 854 881 humani
873 819 995 881 fortasse
1013 820 1125 901 ingenii
1140 833 1212 881 erat.
1234 822 1267 880 ln

198 913 338 975 omnibus
360 915 441 975 enim
460 916 506 975 his
525 914 658 997 epistulis
683 935 745 976 non
764 914 844 974 varia
862 926 906 974 est
925 912 1092 995 puellarum
1115 914 1266 990 condicio,

197 1028 272 1091 quae
293 1010 410 1084 avitis,
429 1008 491 1069 sive
510 1009 546 1069 ad
568 1006 680 1070 bellum
701 1007 841 1091 profectis
861 1007 922 1067 sive
942 1006 998 1067 alia
1022 1006 1162 1068 laudabili
1183 1028 1267 1069 causa

197 1102 301 1185 procul
315 1100 480 1184 agentibus,
500 1115 569 1162 sunt
583 1100 752 1162 derelictae.
773 1102 869 1161 Amor
887 1114 986 1161 tamen
1001 1099 1128 1184 simplex
1146 1100 1267 1162 affectus

198 1209 252 1272 est,
275 1196 359 1256 cuius
380 1196 598 1257 commotiones
621 1214 758 1277 magnam
788 1194 989 1254 diversitatem
1013 1213 1075 1253 non
1107 1192 1265 1270 affectant;

198 1309 306 1371 nempe
325 1288 387 1349 sive
407 1288 557 1370 Penelope
569 1289 605 1349 ad
623 1289 774 1363 maritum,
791 1288 852 1347 sive
869 1287 998 1348 Phaedra
1010 1288 1046 1347 ad
1061 1301 1194 1348 amatum
1209 1288 1267 1370 pri·

198 1383 334 1465 vignum,
357 1382 405 1443 vel
420 1382 517 1465 puella
534 1381 662 1443 Ariadne
675 1382 711 1442 ad
723 1382 888 1455 Theseum,
904 1379 952 1441 vel
975 1381 1054 1442 Paris
1068 1381 1105 1442 ad
1120 1380 1267 1443 Helenam

198 1475 308 1552 scribit,
321 1496 427 1538 omnes
441 1476 592 1558 flagrantis
606 1476 733 1557 pectoris
748 1495 852 1536 sensus
865 1473 986 1536 eosdem
1001 1473 1169 1550 effundunt,
1187 1489 1215 1536 et
1230 1475 1266 1537 de

198 1568 367 1631 absentibus
387 1583 437 1631 aut
456 1568 659 1630 obnitentibus
680 1567 862 1630 amatoribus
884 1581 1059 1650 queruntur,
1082 1570 1160 1629 etin
1181 1576 1266 1651 spem

198 1663 494 1746 desperationemque
509 1662 625 1724 uicibus
640 1660 759 1723 alternis
773 1660 970 1744 abripiuntur,
987 1660 1036 1721 vel
1052 1662 1082 1721 in
1100 1662 1172 1721 iram
1187 1662 1267 1722 indi-'

197 1759 428 1841 gnationemque
444 1772 614 1839 erumpunt,
636 1756 684 1817 vel
704 1756 740 1817 ad
758 1776 861 1839 preces
878 1753 1089 1815 devolvuntur.
1115 1754 1160 1816 Illi
1175 1776 1264 1837 porro

197 1851 288 1913 animi
304 1865 403 1912 motus
418 1849 511 1911 semel
533 1865 562 1912 et
583 1852 689 1913 iterum
708 1850 832 1911 feliciter
846 1868 934 1931 posse
951 1847 981 1907 in
997 1847 1122 1929 epistula
1139 1848 1266 1910 describi

198 1945 275 2007 haud
290 1943 396 2005 infitias
411 1962 468 2018 eo;
486 1956 514 2004 at
529 1945 552 2005 si
570 1944 661 2006 vicies
676 1943 801 2005 eandem
814 1941 965 2003 materiam
977 1954 1098 2002 tractare
1110 1943 1263 2023 suscipias,

197 2040 245 2100 vix
269 2037 398 2119 effugere
422 2037 586 2098 fastidiosas
607 2038 799 2118 repetitiones
820 2048 943 2119 propter
968 2036 1067 2115 operis
1092 2034 1265 2097 brevitatem

197 2133 302 2215 possis.
314 2131 428 2191 Maiore
440 2144 470 2191 et
483 2129 620 2213 longiore
633 2132 762 2193 carmine
773 2146 913 2214 opusest,
924 2146 957 2193 ut
968 2129 1122 2210 contingat
1131 2131 1264 2205 varietas,

197 2246 272 2309 quae
285 2246 320 2286 ex
329 2226 485 2307 temporis,
498 2244 595 2300 sexus,
610 2224 795 2285 condicionis
808 2228 979 2311 ingeniique
992 2226 1158 2287 diversitate
1171 2224 1265 2285 exori·

197 2332 260 2396 tur;
271 2320 339 2380 ideo
353 2320 383 2378 in
393 2318 478 2400 epico
494 2318 615 2402 quidem
628 2332 677 2379 aut
690 2319 801 2401 tragico
811 2335 948 2401 poemate
961 2317 1176 2401 multiplicibus
1184 2317 1265 2378 colo-

196 2412 276 2474 ribus
287 2412 407 2495 depingi
418 2430 561 2493 personae
572 2425 601 2473 et
613 2412 754 2495 distingui
767 2412 991 2495 factapossunt;
1003 2411 1146 2495 epistulae
1154 2425 1264 2488 autem,

198 2519 299 2589 suapte
320 2520 422 2567 natura
443 2504 603 2580 breviores,
627 2505 663 2566 ad
690 2504 809 2567 lectoris
832 2506 1061 2569 delectationem
1085 2506 1178 2566 varias
1197 2505 1265 2566 satis'

198 2601 376 2661 narrationes
394 2598 666 2682 descriptionesque
691 2618 751 2660 non
777 2614 846 2682 apte
873 2603 1032 2685 excipient,
1057 2601 1213 2683 praecipue
1241 2599 1265 2659 si

198 2692 279 2755 idem
293 2692 434 2755 omnibus
448 2707 657 2775 argumentum
674 2690 774 2755 fuerit.

237 2788 370 2849 Forsitan
386 2786 477 2868 igitur
488 2787 679 2867 praestitisset
692 2786 850 2864 Ovidium,
867 2788 1019 2851 uberrimo
1034 2803 1063 2850 et
1073 2802 1133 2849 tam
1143 2785 1265 2870 flexibili

197 2882 317 2963 ingenio
330 2879 509 2962 praeditum,
526 2880 562 2940 ad
576 2879 655 2940 aliud
670 2879 798 2963 quodvis
815 2884 981 2944 carminum
1001 2903 1096 2966 genus
1111 2902 1142 2943 se
1160 2882 1265 2943 contu'·

196 2973 265 3035 lisse
280 2975 383 3056 inquo
399 2972 499 3034 mollis
514 2973 670 3034 dexteritas
685 2976 794 3035 mentis
811 2974 946 3057 pluribus
962 2991 991 3038 et
1007 2974 1184 3058 gratioribus
1201 2995 1265 3035 ver·

196 3067 276 3128 sibus
291 3068 403 3127 enitere
418 3067 572 3147 potuisset.
598 3064 655 3127 Sed
672 3068 816 3149 quoniam
841 3069 876 3129 ad
896 3070 955 3130 hoc
969 3069 1171 3152 Epistularum
1188 3089 1266 3151 opus

198 3180 228 3222 se
247 3161 384 3237 accinxit,
400 3158 620 3220 observandum
632 3161 714 3221 venit
732 3161 906 3224 huiusmodi
924 3178 1060 3245 poemata
1083 3163 1126 3224 illi
1150 3174 1266 3225 tantum

197 3254 273 3315 bene
294 3251 451 3315 succedere
475 3253 619 3335 potuisse,
636 3255 684 3313 cui
705 3252 922 3331 fecundissimi,
947 3257 1158 3333 candidissimi,
1179 3270 1267 3339 atque

196 3349 232 3409 ad
249 3347 452 3430 percipiendas
471 3346 736 3431 exprimendasque
751 3369 796 3409 res
814 3348 949 3412 sensibus
966 3349 1094 3412 obiectas
1109 3351 1264 3432 aptissimi,

195 3442 240 3501 vis
259 3460 376 3503 summa
400 3440 512 3523 ingenii
537 3440 719 3523 contigisset.
743 3444 863 3505 Etenim
894 3444 924 3503 in
951 3443 1126 3526 effingendis
1153 3444 1266 3505 heroici

196 3535 260 3597 aevi
292 3534 429 3617 personis
464 3547 582 3615 oportet
619 3548 717 3617 poeta,
754 3538 838 3620 quasi
870 3540 1069 3621 praesentium
1096 3553 1265 3620 temporum

196 3648 376 3711 morumque
406 3626 527 3703 oblitus,
550 3628 587 3689 ad
618 3643 725 3691 aetates
746 3646 846 3693 mente
867 3632 1018 3714 confugiat
1033 3631 1140 3714 quibus
1160 3632 1265 3693 adum·¹

196 3720 269 3784 brati
289 3723 344 3783 viri
363 3721 550 3805 feminaeque
569 3724 709 3801 vixerint,
735 3746 838 3787 sensus
860 3740 959 3787 autem
979 3725 1160 3809 affectusque
1178 3739 1266 3786 exuat

200 3817 250 3898 qui
262 3816 462 3879 recentiorum
475 3829 505 3877 ct
521 3816 689 3900 aequalium
701 3821 814 3901 proprii
829 3820 898 3895 sint,
913 3840 1092 3903 prorsusque
1106 3821 1263 3904 antiquum

197 3909 252 3969 sibi
261 3923 413 3992 comparet
422 3911 555 3971 animum
567 3933 573 3973 :
587 3931 662 3994 quae
675 3911 737 3973 sola
750 3912 889 3976 condicio
899 3913 935 3976 ad
946 3912 1156 3977 describendos
1163 3927 1263 3975 vetus·

197 4015 243 4065 tos
255 4022 354 4066 mores
366 4002 515 4087 aptissime
528 4005 702 4087 scriptorem
713 4006 852 4068 instituit.
