3159 5017
193 666 352 752 voluptatis
365 690 435 752 prae
451 689 481 730 se
493 668 574 730 ferat.
594 668 685 739 Quod
699 688 767 729 cum
783 687 1000 749 nonnunquam
1018 666 1134 751 egregie
1148 664 1260 742 fecerit,

196 764 226 824 in
254 762 396 845 Epistulis
422 764 593 845 praesertim
621 761 760 843 singulari
784 761 914 843 quodam
941 760 1033 821 modo
1061 761 1136 834 mihi
1159 760 1263 822 iecisse

193 857 350 917 videtur.»

232 951 311 1012 Tum
324 951 360 1010 ad
370 949 585 1010 transferendas
596 962 625 1009 et
636 947 768 1009 versibus
782 962 811 1008 et
823 948 951 1029 pedestri
964 968 1102 1007 sermone
1114 948 1259 1009 Heroides

193 1066 229 1105 ex
241 1044 329 1105 latina
342 1044 372 1104 in
383 1044 562 1104 recentiores
577 1042 691 1124 linguas
701 1043 759 1101 iarn
771 1041 886 1123 pridem
900 1042 1091 1102 eruditissimi
1105 1042 1172 1112 viri,
1183 1042 1258 1116 Itali,

194 1138 281 1212 Galli,
298 1138 503 1219 posteriusque
523 1135 658 1217 Hispani,
679 1134 850 1217 Portugalli,
871 1134 972 1216 Angli,
994 1136 1135 1195 Germani
1152 1134 1259 1216 aliique

193 1232 272 1291 varia
293 1231 412 1291 fortuna
439 1250 470 1290 se
503 1230 722 1289 accinxerunt1.
753 1231 810 1287 Eas
839 1241 951 1288 attento
988 1229 1089 1288 animo
1120 1229 1260 1289 Racinius

194 1339 307 1385 nostras
326 1324 500 1405 perlegerat,
526 1336 554 1382 et
574 1320 736 1382 nonnullos
756 1322 787 1381 in
815 1322 902 1381 huius
926 1322 1085 1401 tragoediis
1109 1321 1193 1382 locos
1225 1342 1260 1381 ex

193 1417 333 1499 Epistulis
344 1416 532 1477 adumbratos
543 1415 682 1475 odoratus
698 1429 741 1474 est
757 1428 877 1474 nasutus
899 1415 1108 1475 existimator2.
1122 1416 1261 1497 Denique

194 1512 252 1571 iam
267 1531 283 1570 a
297 1510 399 1593 primis
412 1510 584 1570 recentioris
602 1508 666 1568 aevi
682 1507 836 1583 aetatibus,
851 1508 953 1569 Ovidii
968 1507 1138 1589 exemplum
1156 1510 1258 1584 secuti,

194 1603 331 1664 nonnulli
348 1604 496 1685 ingeniosi
508 1603 563 1663 viri
579 1602 744 1662 Heroidum
757 1622 853 1683 genus
866 1614 1066 1662 retractarunt.
1085 1627 1100 1659 «
1113 1601 1261 1684 Epistulas

194 1697 360 1758 Heroidum
385 1696 487 1758 Ovidii
510 1694 647 1777 exemplo
676 1694 817 1755 effinxere
843 1694 934 1755 latino
962 1697 1091 1755 carmine
1121 1686 1261 1756 Eobanus

194 1794 317 1866 Hessus,
351 1789 510 1850 balduinus
534 1788 711 1864 Cabilavius,
738 1791 781 1849 lo.
812 1789 971 1864 Meursius,
998 1803 1026 1848 et
1054 1789 1085 1848 in
1114 1809 1260 1850 sacrarum

175 1884 360 1945 'Heroidum
398 1883 479 1944 libris
513 1882 653 1944 Claudius
684 1885 882 1965 Espencaeus.
916 1882 1042 1942 Didonis
1070 1882 1106 1942 ad
1129 1885 1261 1943 Aeneam

195 1977 339 2059 epistulae
360 1977 512 2058 respondit
528 1977 594 2037 Nic.
613 1976 765 2047 Heinsius,
785 1996 816 2057 p.
831 1996 887 2037 211
909 1989 1098 2057 poematum3
1113 1977 1260 2036 Phaedrae

194 2072 229 2131 ad
245 2070 444 2153 Hippolytum
457 2070 623 2143 Sidronius‚
644 2070 674 2130 S.
691 2072 718 2145 J.
729 2082 750 2130 ³.
767 2093 782 2125 ›>

234 2166 369 2246 Denique
388 2164 447 2223 hoc
469 2164 633 2224 carminum
655 2182 749 2244 genus
770 2162 874 2222 imitati
897 2176 967 2222 sunt
991 2182 1026 2222 ex
1048 2162 1260 2223 recentioribus

194 2257 308 2319 multi4.
326 2256 489 2328 Quondam
512 2257 593 2316 enirn
613 2256 709 2337 poetis
725 2254 900 2336 quibusdam
914 2254 999 2316 libuit
1014 2257 1044 2314 in
1058 2276 1116 2316 una
1131 2270 1160 2315 et
1172 2256 1261 2316 altera

194 2352 323 2412 Heroide
334 2351 483 2424 lascivire3
494 2370 554 2431 quo
565 2363 649 2431 pacto
658 2349 836 2409 clarissimus
848 2368 883 2407 ex
895 2348 999 2430 Anglis
1012 2351 1092 2429 Pope
1104 2349 1260 2430 epistulam

194 2444 347 2505 Heloissae
369 2443 405 2503 ab
426 2442 622 2504 Abaelardum
644 2444 826 2524 composuit,
849 2442 880 2501 in
902 2462 960 2523 qua
983 2443 1110 2523 pectoris
1137 2445 1261 2503 amantis

194 2538 315 2599 affectus
340 2550 368 2596 et
395 2536 512 2597 dolores
533 2537 675 2619 exquisita
697 2549 756 2596 arte
782 2536 920 2617 descripti
943 2549 1021 2595 sunt.
1050 2538 1121 2596 Non
1153 2538 1261 2596 mirum

194 2646 292 2692 autem
315 2643 358 2691 est
380 2630 504 2711 poeticis
525 2628 665 2691 omnibus
685 2623 836 2689 coloribus
859 2630 936 2689 hanc
956 2648 1020 2689 esse
1044 2630 1166 2710 pictam,
1193 2650 1261 2689 curn

194 2726 263 2808 quia
278 2737 486 2805 argumentum
504 2723 614 2783 sollerti
628 2723 738 2783 iudicio
752 2722 901 2783 delectum
918 2721 1023 2796 fuerat,
1038 2736 1141 2803 utpote
1154 2722 1261 2783 adhoc

195 2819 361 2878 carminum
373 2836 467 2899 genus
480 2816 568 2897 plane
583 2816 854 2891 accommodatum,
871 2829 935 2875 tum
946 2815 1027 2896 quod
1041 2816 1103 2897 ipsa
1117 2836 1261 2897 personae

195 2911 284 2971 huius
308 2911 449 2972 litteratae
470 2923 571 2971 natura
591 2923 620 2970 et
639 2910 765 2984 indoles,
785 2929 847 2969 non
866 2929 899 2969 ex
920 2909 1043 2969 heroico
1061 2928 1135 2969 aevo
1154 2909 1205 2969 sed
1226 2930 1261 2969 ex

196 3004 408 3065 recentioribus
423 3003 606 3084 temporibus
622 3016 768 3086 sumptae,
793 3001 949 3084 epistulam
963 3003 1137 3063 amatoriam
1155 3003 1261 3063 felicis·

196 3098 268 3156 sime
292 3095 472 3158 admittebat.
500 3100 581 3157 Haec
602 3098 633 3155 in
655 3096 799 3158 Gallicam
818 3096 950 3177 linguam
977 3094 1068 3156 libera
1096 3098 1260 3156 imitatione

196 3188 329 3250 translata
350 3212 366 3249 a
388 3189 483 3250 nobili
502 3190 631 3271 quodam
655 3201 770 3271 poetas,
802 3189 964 3249 renovandi
984 3190 1072 3249 huius
1096 3191 1261 3249 carminum

195 3282 311 3363 generis
337 3286 418 3365 quasi
444 3283 561 3365 signum
587 3283 652 3357 fuit,
681 3284 759 3342 unde
784 3281 883 3363 plures
901 3282 1059 3343 heroidum
1083 3296 1111 3341 et
1134 3284 1261 3343 heroum

195 3375 336 3457 epistulae
350 3390 521 3458 eruperunt,
537 3397 611 3457 quae
624 3390 722 3435 tamen
740 3396 847 3457 magna
857 3390 938 3457 parte
954 3396 1014 3435 non
1027 3377 1162 3457 vulgatae
1179 3389 1259 3450 sunt,

194 3484 222 3530 et
235 3470 337 3530 merita
349 3469 502 3531 oblivione
520 3468 641 3529 obrutae
659 3471 782 3530 iacent⁶.

225 3677 246 3710 1.
265 3662 296 3708 V.
312 3664 336 3709 in
347 3663 403 3709 edit.
415 3662 525 3717 Lemair.‚
539 3662 586 3707 vol.
601 3662 665 3718 Vlll,
680 3662 788 3708 notitiam
800 3660 943 3707 litterariam.

224 3753 246 3785 2.
264 3740 387 3801 Nageotte,
400 3746 433 3799 op.
448 3739 496 3794 cil„
510 3752 533 3799 p.
551 3751 605 3799 277.

225 3827 246 3874 3.
264 3813 294 3859 V.
309 3814 334 3860 in
345 3813 399 3860 edit.
411 3812 521 3868 Lemair.,
536 3812 584 3859 vol.
599 3812 665 3868 Vlll,
677 3828 700 3875 p.
715 3812 767 3872 362.
782 3813 836 3859 Not.
850 3812 896 3859 liu.

222 3902 246 3947 4.
264 3888 295 3935 V.
310 3890 335 3934 in
350 3888 405 3935 edit.
416 3888 515 3935 Lemair.
529 3888 602 3936 Notit.
612 3887 669 3945 lita,
680 3903 703 3949 p.
719 3889 771 3947 361.

225 3977 246 4025 5.
264 3964 295 4011 V.
307 3964 444 4020 Colardeau,
458 3964 538 4024 Opera.

223 4038 246 4087 6.
264 4039 301 4086 Cl.
315 4039 427 4101 laharpe‚
442 4039 513 4100 Opera
522 4039 587 4085 varia
599 4042 620 4084 et
631 4038 724 4084 Heroid.
738 4036 920 4090 Praefationem.
