3159 5017
779 528 938 586 ,62-

365 659 501 740 Denique
513 658 760 719 coniunctionum
778 682 795 715 e
811 661 947 740 quamvis
963 672 992 720 et
1005 659 1126 722 forsitan
1144 685 1159 717 1
1174 680 1246 722 usus
1262 663 1287 723 is
1299 678 1344 724 est
1357 679 1390 724 ut

324 750 454 811 Ovidius
471 771 557 833 saepe
576 772 645 811 cum
662 750 823 811 indicativo
840 772 889 811 eas
906 755 1078 835 coniungat,
1097 772 1173 837 quae
1190 754 1283 816 audax
1299 758 1388 817 etiam

323 845 402 925 apud
420 859 521 925 poetas
534 845 652 905 lieentia
665 857 694 904 et
708 844 852 926 carpenda
864 846 982 905 videtur
996 870 1003 907 ε

607 966 729 1037 quamvis
745 966 812 1019 haec
826 982 933 1037 quoque
947 966 1026 1038 culpa
1038 981 1083 1021 tua
1097 981 1146 1043 est.

1086 1053 1132 1117 ΙΙΙ,
1147 1053 1172 1108 8.

534 1134 590 1190 Nec
604 1136 690 1189 tenuit
705 1150 796 1188 cursus
810 1134 986 1195 forsitandste
1001 1148 1072 1189 tuos.

1032 1220 1067 1285 11,
1086 1236 1117 1287 ¹4
1131 1232 1150 1277 ¹.

363 1334 403 1392 Ex
420 1332 465 1391 his
481 1329 737 1391 observationibus
751 1344 871 1411 apparet
886 1330 1032 1391 Ovidium
1048 1330 1208 1413 aliquando
1221 1334 1251 1392 in
1266 1332 1386 1394 flecten-

322 1424 366 1483 dis
383 1424 589 1506 struendisque
608 1423 809 1499 substantivis,
833 1424 987 1484 adiectivis
1003 1438 1032 1483 et
1053 1424 1150 1485 verbis
1169 1425 1320 1501 lascivire3
1339 1447 1388 1487 eas

321 1532 419 1578 autem
444 1518 576 1579 licentias
596 1518 690 1577 acrius
712 1518 742 1576 in
768 1530 855 1597 poeta
879 1536 996 1599 carpere
1020 1518 1158 1600 iniquum
1183 1520 1231 1592 sit,
1258 1519 1387 1602 ideoque

321 1611 542 1672 assentiendum
558 1625 601 1671 est
612 1610 722 1671 iudicio
740 1608 821 1692 quod
834 1611 871 1670 de
884 1630 1006 1671 casuum
1021 1631 1075 1698 usu
1089 1612 1240 1672 Ovidiano
1253 1632 1384 1694 pronun-

321 1706 402 1765 tiavit
424 1707 456 1765 P.
478 1708 559 1777 Hau,
581 1712 624 1787 op.
644 1703 704 1779 cit„
725 1724 754 1785 p.
784 1724 836 1778 141
859 1726 866 1763 ε
888 1705 1117 1776 «paucissima,
1139 1724 1213 1786 quae
1229 1704 1265 1765 ab
1282 1726 1387 1767 aureae

317 1800 419 1859 aetatis
445 1817 501 1858 usu
529 1796 623 1857 aliena
648 1798 717 1872 sint,
745 1797 804 1877 legi
834 1797 864 1855 in
888 1796 1068 1857 carminibus
1095 1798 1202 1859 Tomis
1231 1799 1330 1874 factis,
1354 1801 1385 1859 in

321 1892 588 1973 Metamorphosesi
607 1891 703 1951 multo
718 1889 802 1973 plura
821 1890 960 1964 inveniri,
980 1891 1056 1951 inter
1070 1893 1192 1952 Metam.
1211 1905 1240 1951 et
1256 1894 1384 1953 carmina

320 1988 350 2045 in
368 1986 471 2046 exsilio
482 1986 589 2065 scripta
598 1984 738 2066 ponenda
750 2004 814 2044 esse
826 1984 955 2043 carmina
969 1985 1110 2045 amatoria
1120 1999 1149 2045 et
1162 1986 1238 2046 Fast.
1251 1985 1353 2047 libros.
1368 2012 1384 2043 s

320 2080 396 2139 Nam
415 2080 444 2139 in
461 2076 626 2139 Heroidum
645 2077 815 2137 elocutione
836 2097 898 2137 non
913 2090 957 2136 tot
975 2076 1217 2158 reprehendenda
1235 2078 1383 2154 videntur,

320 2186 394 2254 quot
411 2172 598 2253 iniquissime
620 2172 725 2252 carpsit
740 2170 848 2231 Lehrs²
865 2184 916 2245 ;et
930 2169 1081 2230 lasciviam
1100 2172 1223 2253 quidem
1243 2192 1386 2232 nonnun-

320 2286 420 2347 quam,
444 2264 605 2325 barbariam
624 2277 724 2324 autem
743 2277 772 2323 et
794 2261 922 2343 impoliti
944 2264 1090 2322 sermonis
1105 2265 1227 2346 vestigia
1239 2266 1385 2325 rarissime

320 2356 535 2439 deprehendes.
552 2358 621 2416 Non
637 2376 693 2438 ego
705 2356 843 2417 offendor
858 2355 909 2415 illo
922 2355 1069 2417 vocabulo
1088 2381 1103 2413 a
1120 2357 1225 2418 Letifer
1241 2370 1250 2408 ³
1267 2383 1283 2414 »
1303 2358 1385 2439 quod

321 2453 443 2513 Lehrsio
457 2452 503 2533 (p.
517 2450 647 2531 ccxxnt)
657 2449 794 2530 displicet
804 2472 812 2525 3
824 2469 922 2531 neque
936 2469 1038 2510 versus
1054 2470 1105 2511 111
1119 2465 1148 2511 et
1166 2454 1305 2527 115·116‚
1319 2452 1383 2512 her.

320 2546 362 2605 lX
392 2560 420 2605 et
451 2545 536 2627 pauci
564 2543 614 2604 alii
647 2543 829 2623 inelegantes
862 2542 1010 2603 videntur.
1047 2544 1230 2605 infeliciores
1262 2546 1385 2626 quidem

320 2639 456 2699 existimo
474 2637 679 2698 translationes
694 2657 766 2717 quas
780 2635 930 2696 interdum
943 2636 1071 2697 Ovidius
1086 2657 1121 2697 ex
1136 2657 1166 2698 re
1180 2639 1383 2699 Romanorum

320 2737 458 2796 castrensi
473 2749 522 2795 aut
537 2756 572 2795 ex
588 2736 651 2795 iure
666 2747 797 2815 usurpat,
814 2735 867 2806 lX,
890 2752 944 2810 109
962 2756 969 2793 :

567 2854 608 2907 llli
622 2855 739 2925 procedit
753 2871 841 2907 rerum
852 2870 975 2907 mensura
991 2866 1096 2907 tuarum
1111 2872 1117 2907 :

569 2939 642 2993 Cede
656 2939 734 2991 bonis
751 2957 757 2991 ε
772 2939 850 2992 heres
864 2938 952 2991 laudis
966 2938 1050 2991 amica
1064 2952 1134 2992 tuae.

360 3053 401 3112 lta
420 3050 501 3111 enim
523 3049 666 3110 militibus
690 3069 810 3131 quoque
835 3048 982 3130 stipendia
1002 3063 1031 3108 et
1049 3069 1115 3109 aera
1137 3047 1280 3129 procedere
1307 3048 1384 3109 dice·

319 3144 425 3205 bantur
439 3164 508 3205 cum
522 3144 604 3217 anni,
620 3162 673 3223 per
685 3162 760 3225 quos
775 3143 946 3218 militarent,
963 3142 999 3201 ad
1011 3143 1186 3202 missionem
1198 3142 1382 3223 prodessent.

319 3238 500 3299 Huiusmodi
513 3251 612 3297 autem
627 3256 736 3311 sermo,
754 3236 809 3295 etsi
824 3235 1022 3295 diversitatem
1037 3236 1067 3295 in
1087 3236 1230 3295 orationis
1248 3249 1384 3297 tenorem

318 3332 411 3407 inicit,
431 3332 466 3392 ad
482 3331 633 3412 poeticum
651 3330 783 3390 colorem
803 3349 905 3410 parum
926 3328 1068 3410 proficere
1088 3328 1221 3404 videtur3
1243 3330 1384 3389 Romanis

317 3439 416 3486 tamen
433 3423 592 3485 lectoribus
608 3422 790 3504 probabilior
808 3422 856 3482 illa
871 3422 928 3482 fuit
943 3422 1053 3503 lingua,
1067 3441 1157 3504 quam
1172 3442 1247 3503 quae
1259 3422 1306 3483 his
1321 3442 1383 3483 ver·

318 3517 398 3578 sibus
416 3517 571 3578 exhibetur
588 3538 594 3577 :

477 3641 546 3693 Acer
558 3640 584 3690 in
598 3638 712 3691 extremis
725 3637 819 3690 ossibus
832 3636 915 3689 haesit
927 3652 1013 3689 amor.

962 3722 1008 3785 IV,
1023 3735 1067 3790 70.

350 3861 371 3895 1.
390 3845 427 3894 Cl.
439 3844 518 3903 Tull„
532 3853 565 3907 op.
579 3846 629 3901 cit,
642 3861 665 3908 p.
681 3843 733 3891 106.

348 3938 370 3970 2.
389 3923 535 3969 Adversaricrt
547 3922 599 3967 tiber
608 3922 644 3967 dia
654 3924 799 3982 soganonnten
812 3918 944 3965 Ovt'dt'scben
952 3917 1060 3979 eastern,
1074 3933 1087 3963 e
1102 3917 1244 3964 fleckeiseni
1257 3916 1380 3963 annalibus

316 4014 337 4045 a.
358 4001 414 4059 1873
429 3999 516 4045 iterum
527 3998 552 4043 in
565 3996 655 4043 Horatii
667 3996 722 4043 edit.
737 4010 845 4056 expressa
856 3993 1087 4040 CCXXll-CCLIV.

349 4088 370 4135 3.
388 4074 456 4133 Han,
467 4073 507 4127 IX,
522 4088 573 4131 141.
