3159 5017
762 499 925 576 ..38-

449 630 596 697 Hennione
608 646 699 687 coram
711 631 888 703 quisquamne
897 630 1002 687 obiecit
1009 630 1119 689 Oresti?

450 716 508 772 Nec
518 715 586 771 mihi
600 728 663 770 sunt
674 716 752 783 vires,
768 732 818 771 nec
830 714 902 772 ferus
913 717 984 772 ensis
994 716 1078 772 adest.

350 854 412 915 Iam
427 848 618 936 perspicuum
635 867 691 928 est,
712 866 745 913 ut
759 854 836 915 mihi
858 854 980 938 quidem
995 853 1123 931 videtur,
1138 869 1257 917 teneros
1270 858 1380 919 amoris

308 946 432 1019 affectus
447 961 477 1009 et
493 947 641 1009 femineos
659 967 762 1008 sensus
781 962 890 1030 quanta
905 947 1036 1011 Ovidius
1049 948 1205 1028 calliditate
1223 950 1378 1033 indagarit,

308 1055 418 1126 quanta
427 1060 549 1124 quoque
560 1042 714 1123 sagacitate
722 1054 752 1102 et
758 1040 923 1103 subtilitate
935 1042 1132 1123 descripserit.
1143 1043 1227 1105 Nihil
1239 1044 1379 1127 deinceps

309 1137 340 1198 in
355 1137 460 1197 ceteris
475 1135 567 1195 huius
582 1134 763 1196 carminibus
778 1136 889 1196 mirum
904 1149 934 1197 et
949 1137 1146 1219 improvisum
1164 1136 1207 1198 illi
1219 1137 1377 1213 videbitur,

309 1230 360 1312 qui
368 1243 478 1291 attenta
485 1249 554 1291 cura
563 1228 688 1290 Heroid.
698 1228 839 1310 epistulas
852 1232 1043 1310 pertractarit,
1053 1232 1161 1313 quiain
1173 1232 1221 1291 his
1234 1232 1379 1315 quaedam

309 1322 429 1385 elucent
444 1324 556 1406 ingenii
570 1322 685 1383 lumina
697 1342 772 1405 quae
785 1322 906 1384 nitidius
919 1343 989 1384 sane
1003 1324 1035 1384 in
1046 1324 1111 1385 aliis
1123 1326 1239 1405 scriptis
1252 1325 1380 1407 praeful«

308 1416 432 1500 gebunt,
448 1418 507 1483 iam
518 1437 590 1479 vero
601 1429 695 1479 totam
711 1416 876 1495 Ouidianae
885 1418 995 1478 mentis
1007 1417 1141 1479 indolem
1150 1418 1292 1500 produnt,
1303 1419 1379 1481 adeo

310 1525 342 1574 ut
365 1512 395 1573 in
419 1512 466 1573 his
485 1511 667 1593 principium
691 1524 725 1572 et.
740 1512 823 1593 quasi
843 1530 946 1572 semen
967 1512 1105 1572 omnium
1124 1513 1189 1573 eius
1206 1526 1378 1594 poematum

310 1604 524 1689 deprehendas.
543 1605 693 1687 Imprimis
707 1605 789 1666 enim
805 1624 836 1666 se
848 1605 938 1666 talem
954 1606 1017 1687 ipse
1031 1605 1163 1687 praebet,
1175 1607 1270 1688 qualis
1280 1621 1379 1690 poste·

310 1692 371 1763 rius
386 1699 560 1761 manifestus
575 1699 641 1774 erit,
660 1697 716 1759 sibi
734 1718 853 1780 semper
866 1698 933 1790 lere
942 1713 1093 1775 constans,
1113 1700 1270 1785 statimque
1291 1695 1381 1783 argu-¹

311 1806 448 1856 mentum
466 1794 631 1855 carminum
650 1791 825 1877 complexus
844 1792 925 1875 quod
942 1813 1097 1876 nunquam
1117 1794 1245 1870 deseret,
1268 1795 1381 1857 scilicet

311 1907 373 1949 rem
388 1888 570 1949 amatoriam.
587 1887 706 1949 Amoris
720 1906 789 1947 sane
804 1900 903 1948 vatem
918 1906 949 1947 se
963 1889 1044 1948 Naso
1060 1902 1185 1969 praestat
1200 1902 1231 1949 et
1245 1909 1262 1949 a
1276 1890 1380 1972 primis

310 1981 406 2057 annis,
439 1996 472 2044 ut
499 1981 720 2063 supradictum
742 1993 798 2056 est,
822 1980 853 2041 in
876 1980 965 2041 huius
989 1982 1090 2042 castris
1113 1979 1264 2044 militavit.
1294 1985 1380 2044 Hanc

310 2076 462 2137 materiam
480 2089 568 2158 poeta
587 2073 642 2135 sibi
659 2076 811 2157 propriam
830 2088 919 2157 atque
933 2073 1113 2156 peculiarem
1126 2076 1256 2150 ⁴diversis
1275 2078 1379 2138 carmi·

311 2169 398 2232 nibus
420 2169 501 2245 fecit,
523 2169 646 2255 quaein
665 2169 819 2229 iuventute
836 2169 1008 2249 composuit
1026 2182 1056 2229 et
1074 2169 1214 2251 deinceps
1234 2170 1378 2253 vulgavit.

311 2263 382 2325 ldeo
392 2264 422 2324 in
433 2262 613 2325 Heroidibus
628 2263 685 2323 iam
700 2263 825 2344 primam
837 2263 983 2323 Amorum
994 2276 1023 2324 et
1033 2264 1111 2323 Artis
1119 2264 1217 2325 Amat.
1232 2265 1379 2347 originem

310 2358 461 2433 invenies3
479 2356 619 2439 epistulas
636 2357 716 2417 enim
730 2356 767 2417 ad
782 2354 947 2438 elegiacum
959 2355 1106 2417 scribendi
1123 2377 1218 2439 genus
1233 2359 1380 2439 pertinere

310 2452 399 2515 huius
414 2451 620 2533 disputationis
633 2450 730 2524 initio,
745 2470 771 2512 c.
788 2450 832 2525 II,
849 2451 1015 2513 statuimus.
1029 2451 1068 2511 At
1086 2452 1117 2510 in
1132 2451 1280 2512 Amorum
1297 2450 1380 2516 libris

311 2547 374 2627 ipse
394 2564 449 2608 suo
467 2545 596 2607 nomine·
606 2542 713 2605 molles
734 2544 859 2605 amantis
879 2543 1012 2627 querelas
1030 2544 1156 2605 effundit
1169 2559 1200 2606 et
1217 2546 1380 2607 Corinnam

312 2659 396 2700 suam
410 2636 539 2712 celebrat
546 2663 555 2711 3
574 2638 605 2699 in
620 2637 752 2699 hisvero
770 2637 904 2719 epistulis
918 2637 1056 2699 cantandi
1075 2638 1155 2699 idem
1171 2654 1379 2721 argumentum

312 2746 476 2816 permanet,
498 2733 617 2794 mutatis
632 2744 747 2793 tanturn
763 2733 898 2813 personis
915 2745 995 2793 etex
1009 2732 1131 2793 heroico
1146 2752 1220 2793 aevo
1234 2735 1377 2816 sumptis;

312 2830 343 2889 in
357 2828 489 2910 utrisque
509 2840 608 2889 tamen
625 2840 730 2909 poetae
745 2827 900 2906 ingenium
919 2839 1021 2887 movet
1034 2846 1127 2889 amor.
1149 2828 1300 2889 Praeterea
1313 2847 1379 2889 sen·

311 2922 474 2984 tentiashic
485 2922 622 3004 reperias,
633 2940 705 3004 quas
713 2920 867 3002 sequentia
874 2940 964 3001 opera
972 2919 1098 2982 referent
1110 2922 1379 3005 cognationemque

312 3016 389 3078 inter
400 3016 477 3077 varia
486 3014 591 3077 Ovidii
600 3015 732 3075 carmina
744 3012 1004 3075 demonstrabunt.
1022 3015 1100 3075 Cum
1117 3015 1222 3076 Briseis
1231 3015 1380 3079 Achillem

312 3110 403 3191 carpit
422 3108 504 3193 quod
522 3109 620 3192 segnis
640 3121 789 3171 remaneat
808 3121 837 3169 et
858 3106 943 3169 molli
959 3128 1060 3171 amore
1080 3108 1235 3171 devinctus
1252 3111 1304 3186 sit,
1324 3111 1378 3187 ΙΙΙ,

315 3220 369 3284 117
386 3227 394 3267 z

524 3336 623 3395 Tutius
637 3350 680 3393 est
694 3336 803 3392 iacuisse
817 3349 886 3404 toro,
902 3336 1020 3393 tenuisse
1030 3337 1156 3412 puellam,

523 3423 676 3479 Threiciam
688 3423 777 3496 digitis
789 3422 950 3496 increpuisse
963 3423 1059 3498 lyram,

312 3564 385 3629 haec
402 3565 531 3627 carmina
550 3562 761 3639 animadverte,
782 3582 913 3647 quorum
933 3563 1103 3625 admonitus
1122 3564 1189 3640 eris,
1215 3561 1381 3649 siquando

312 3653 383 3723 hm.
400 3658 439 3737 Ii,
457 3678 504 3735 11,
524 3678 570 3739 31,
587 3656 754 3720 evolveris:

526 3791 624 3848 Tutius
638 3804 676 3847 est
687 3790 784 3848 fovisse
799 3803 900 3859 torum,
914 3790 1009 3865 legisse
1021 3790 1134 3860 libellos,

525 3876 676 3933 Threiciam
690 3877 778 3949 digitis
792 3876 956 3950 increpuisse
967 3875 1063 3949 lyram.

354 4015 536 4079 Huiusmodi
553 4036 655 4079 versus
676 4015 902 4079 similitudinem
925 4027 1034 4077 certam
1054 4031 1124 4099 prae
1145 4033 1176 4083 se
1201 4012 1327 4080 ferentes
1348 4028 1379 4077 et
