3159 5017
822 540 981 597 „52-

366 659 498 741 quisquis
519 659 581 718 eius
603 672 632 718 et
653 657 795 738 epistulas
814 671 843 717 et
862 658 990 717 carmina
1010 655 1066 715 alia
1088 655 1241 717 evolverit.
1270 657 1427 727 Quantum

365 752 484 833 quidem
505 771 561 832 ego
581 752 744 811 existimare
762 770 899 831 possum,
922 751 996 809 mihi
1019 750 1134 810 videtur
1155 764 1253 831 poeta,
1274 766 1429 833 antequam

366 847 505 925 scriptum
521 844 640 925 aliquod
659 844 689 903 in
717 843 824 903 incude
840 857 976 925 poneret,
994 864 1083 923 opera
1096 844 1228 923 priorum
1250 842 1357 924 legisse
1380 846 1432 925 qui

366 941 395 997 in
414 938 521 997 eodem
547 950 721 1018 argumento
743 938 850 997 versati
864 950 972 996 essent.
991 940 1032 996 lta
1053 935 1163 997 facturn
1182 950 1226 996 est
1240 951 1273 995 ut
1287 938 1429 1018 quaedam

366 1034 414 1091 hic
426 1032 569 1091 rettulerit
588 1051 662 1112 quae
673 1030 803 1091 iuratum
815 1050 884 1090 eum
894 1051 959 1089 esse
974 1030 1011 1089 ab
1028 1029 1086 1089 illis
1101 1030 1222 1090 forsitan
1243 1031 1338 1091 dicas:
1356 1051 1429 1114 quae

367 1126 467 1206 iniqua
488 1145 556 1184 sane
576 1125 720 1183 sententia
739 1126 786 1195 sit,
807 1125 949 1205 quoniam
968 1124 1017 1183 hic
1037 1144 1106 1184 cum
1121 1125 1235 1205 impetu
1254 1125 1385 1205 quodam
1402 1140 1431 1185 et

369 1219 555 1278 festinatione
575 1217 718 1278 scribebat
735 1233 763 1278 et
780 1219 898 1277 animus
912 1218 948 1277 ad
963 1218 1117 1277 revisenda
1130 1232 1160 1277 et
1178 1218 1361 1278 emendanda
1379 1239 1430 1279 sua

371 1311 413 1371 illi
436 1311 600 1385 deficiebat,
625 1311 752 1392 ideoque
771 1310 892 1371 fortasse
913 1330 973 1371 non
998 1312 1205 1371 animadvertit
1228 1311 1373 1373 nonnulla
1396 1332 1430 1371 ex

369 1406 494 1465 aliorum
506 1406 651 1486 poematis
662 1406 692 1463 in
703 1406 796 1485 ipsius
806 1404 936 1464 carmina
947 1406 1179 1486 transmigrasse.
1195 1406 1318 1486 Saepius
1332 1419 1430 1465 autem

370 1518 444 1580 quae
457 1497 504 1557 alii
517 1511 709 1557 tractaverant
722 1511 905 1578 argumenta,
926 1498 974 1558 hic
993 1517 1093 1557 rursus
1115 1500 1197 1579 quasi
1213 1499 1349 1559 aemulus
1364 1501 1430 1558 scri-

371 1590 456 1651 bebat
469 1606 496 1650 et
512 1592 665 1671 proposito
678 1588 942 1665 accommodabat,
957 1610 1013 1650 nec
1029 1605 1169 1672 tanquam
1180 1610 1216 1651 ex
1226 1593 1340 1652 Graeco
1351 1612 1430 1652 versa

369 1698 418 1743 aut
430 1685 517 1743 etiam
532 1704 567 1743 ex
584 1684 688 1743 Latino
702 1684 800 1764 priore
813 1697 899 1763 poeta
914 1683 1052 1744 translata
1061 1685 1133 1744 haec
1146 1685 1305 1765 repetebat,
1317 1686 1368 1745 sed
1380 1706 1431 1745 sua

368 1792 395 1837 et
410 1798 425 1836 a
442 1790 534 1837 semet
547 1778 654 1836 iterum
667 1777 810 1858 pensitata
825 1790 853 1836 et
862 1791 961 1837 mente
975 1776 1124 1838 elaborata
1135 1778 1312 1858 proferebat.
1326 1780 1430 1861 Neque

367 1870 581 1951 reprehendere
594 1870 733 1951 equidem
749 1870 808 1929 hoc
822 1870 1039 1930 exercitationis
1052 1891 1148 1952 genus
1162 1871 1269 1941 audeo,
1282 1892 1342 1954 quo
1353 1887 1431 1933 certe

368 1965 576 2044 proprietatem
595 1960 846 2044 splendoremque
868 1962 1028 2023 verborum
1051 1964 1105 2023 sibi
1124 1966 1205 2025 Naso
1230 1965 1429 2047 comparabat,

369 2078 464 2139 neque
480 2058 542 2116 sine
558 2056 643 2117 laude
663 2058 742 2117 hunc
760 2070 834 2137 puto
856 2057 1029 2118 huiusmodi
1041 2060 1202 2118 certamina
1216 2079 1285 2119 curn
1300 2059 1431 2142 Vergilio

369 2152 469 2210 aliisve
494 2150 550 2210 sibi
574 2152 745 2230 sumpsisse,
771 2152 943 2230 praesertim
964 2171 1032 2211 cum
1061 2152 1134 2233 ipse,
1159 2172 1235 2233 quae
1258 2166 1431 2233 argumento

369 2245 475 2303 idonea
490 2258 599 2317 essent,
618 2243 804 2304 contenderit
827 2245 948 2324 proprio
967 2244 1116 2325 cogitandi
1137 2258 1167 2303 et
1184 2245 1330 2306 scribendi
1350 2266 1432 2306 more

369 2338 519 2417 modoque
535 2356 634 2396 rursus
646 2337 837 2397 concinnare,

410 2442 441 2498 ln
455 2439 626 2498 huiusmodi
641 2437 715 2498 locis
734 2441 853 2521 propria
868 2440 959 2499 enitet
976 2439 1078 2500 Ovidii
1093 2440 1210 2500 indoles
1226 2454 1255 2500 et
1267 2442 1429 2522 ingenium.

368 2534 445 2593 Nam
460 2534 483 2591 si
500 2531 633 2613 singulos
646 2533 709 2592 eius
721 2553 823 2592 versus
838 2553 906 2592 cum
925 2532 1103 2613 Vergilianis
1116 2534 1289 2609 contuleris,
1306 2536 1432 2616 gravita-

368 2641 428 2686 tem
453 2626 521 2685 huic
546 2639 574 2684 et
598 2626 758 2707 ingenuam
786 2625 946 2686 affectuum
975 2628 1128 2686 veritatem
1154 2627 1254 2687 deesse
1277 2648 1429 2709 agnosces.

369 2721 463 2779 Curae
485 2720 515 2779 in
537 2720 639 2799 primis
657 2720 685 2779 ei
703 2733 747 2779 est
767 2733 799 2778 ut
813 2720 926 2779 diversa
942 2718 1031 2779 verba
1043 2734 1072 2779 et
1089 2740 1189 2794 voces,
1208 2722 1279 2781 dum
1306 2722 1432 2783 eandem

368 2813 543 2872 seutentiam
558 2813 673 2885 retinet,
690 2826 830 2893 usurpet;
849 2813 900 2873 sed
912 2812 1012 2873 infelix
1030 2833 1118 2894 opera
1132 2816 1196 2874 eius
1210 2815 1349 2896 estquod
1366 2836 1431 2897 pro·

368 2908 429 2985 prie
449 2926 465 2964 a
484 2905 628 2986 Vergilio,
646 2919 675 2965 et
692 2908 807 2986 poetice
827 2907 913 2980 dicta,
937 2907 1148 2967 communibus
1163 2922 1193 2966 et
1206 2909 1324 2968 incertis
1347 2928 1432 2989 saepe

367 2998 518 3059 vocabulis
536 3000 736 3080 designantur.
759 3003 801 3060 lta
815 3020 870 3080 pro
886 3000 985 3059 nitidis
1000 3014 1028 3060 et
1044 2999 1278 3081 significantibus
1295 3001 1354 3062 illis
1366 3022 1433 3062 ver-

368 3091 460 3167 sibus,
474 3096 550 3152 Aen.
566 3094 617 3164 lV,
637 3095 692 3169 366
708 3116 714 3153 :

517 3292 648 3309 ........
669 3254 713 3306 sed
728 3254 802 3306 duris
814 3254 907 3324 genuit
919 3266 945 3306 te
956 3253 1077 3307 cautibus
1089 3253 1200 3309 horrens

511 3338 652 3402 Caucasus,
670 3338 862 3409 Hyrcanaeque
875 3337 1019 3391 admorunt
1034 3338 1114 3391 ubera
1126 3340 1220 3410 tigres,

371 3488 422 3547 bas
450 3500 550 3547 noster
578 3486 654 3546 male
679 3486 814 3547 definitas
837 3502 866 3547 et
887 3489 1039 3548 universas
1062 3488 1278 3562 translationes,
1304 3490 1433 3551 adhibita

369 3594 483 3640 tantum
499 3601 567 3640 cura
582 3594 614 3640 ut
626 3583 756 3640 vitentur
768 3580 928 3641 verborum
943 3584 1144 3664 repetitiones,
1162 3584 1303 3663 supponit
1321 3606 1327 3643 :

513 3740 552 3795 Te
567 3741 631 3813 lapis
641 3754 667 3795 et
682 3755 797 3808 monteS,
811 3743 954 3813 innataque
966 3743 1073 3813 rupibus
1086 3743 1144 3796 altis
1158 3757 1208 3798 etc.

410 3911 498 3970 Gravi
518 3925 546 3970 et
565 3913 680 3973 sincero
699 3914 790 3973 animi
815 3912 921 3973 affectu
940 3913 971 3971 in
987 3914 1118 3973 Aeneam
1135 3912 1214 3973 Dido
1226 3913 1431 3983 invehebatur,

367 4005 441 4063 Aen.
458 4006 510 4078 IV,
532 4008 587 4083 384
605 4027 612 4065 :
