3159 5017
646 510 849 588 ..ὅς-.-

190 664 240 725 99,
259 658 350 729 utque
366 665 468 727 rogem
487 644 565 705 dete
581 660 608 705 et
623 647 704 719 XIX,
722 664 771 722 29,
789 657 866 705 certe
881 665 937 725 ego
952 644 1051 704 salvus
1069 664 1120 705 ero
1137 659 1158 719 ¹,
1183 645 1252 719 XX,

194 744 249 801 180
265 764 293 815 n,
309 739 386 821 apud
399 739 472 799 alios
482 752 584 819 poetas
594 751 624 798 et
634 740 663 798 in
676 739 778 798 ceteris
793 738 894 798 Ovidii
912 738 1090 798 carminibus
1101 757 1254 798 occurrere

190 833 332 914 exemplis
349 832 385 893 ab
406 832 559 913 Hilbergio
580 832 712 892 collectis
728 845 852 891 constat.
872 832 1008 913 Denique
1021 831 1051 891 in
1067 851 1153 891 versu
1168 833 1252 903 VIII,

196 942 246 1001 71,

427 1058 528 1113 Castori
542 1058 688 1129 Amyclaeo
698 1070 724 1112 et
739 1058 886 1131 Amyclaeo
900 1057 1013 1127 Polluci,

197 1212 302 1275 parum
323 1192 479 1253 offendunt
497 1190 582 1252 elisIo
602 1206 630 1252 et
648 1192 755 1267 hiatus,
777 1193 845 1273 quia
861 1212 963 1252 versus
981 1190 1133 1266 vocabulis
1147 1190 1259 1273 graecis

199 1286 320 1347 refertus
340 1300 392 1347 est.
415 1288 492 1347 Cura
509 1300 552 1345 est
565 1305 684 1369 quoque
700 1284 812 1345 Ovidio
834 1299 866 1345 ut
885 1286 979 1367 prima
998 1285 1174 1366 pentametri
1193 1305 1259 1366 pars

198 1381 355 1461 praecipue
372 1378 490 1460 syllabis
510 1393 612 1439 natura
626 1378 734 1461 longis,
754 1380 847 1439 rarius
863 1377 920 1439 illis
937 1399 1012 1461 quae
1027 1380 1165 1439 dicuntur
1177 1398 1258 1438 com·

199 1494 315 1549 munes,
341 1474 487 1533 rarissime
514 1472 570 1533 illis
594 1472 755 1546 claudatur,
783 1492 858 1553 quae
882 1473 1030 1553 positione
1056 1471 1260 1553 producuntur

197 1566 249 1647 (cf.
268 1566 402 1647 Hilberg,
423 1576 465 1649 op.
484 1566 544 1642 cit,
565 1587 596 1648 p.
614 1584 684 1642 447,
706 1568 772 1644 583,
793 1569 850 1644 639
870 1565 964 1649 sqq.).
985 1566 1121 1648 Denique
1141 1585 1259 1625 caesura

199 1680 273 1743 quae
288 1659 451 1741 appellatur
462 1658 608 1734 bucolica,

464 1794 520 1847 Irus
534 1810 614 1865 egens
629 1793 781 1865 pecorisque
794 1792 990 1849 Melanthius...

957 1878 980 1944 I,
992 1890 1035 1949 95.

200 2003 273 2063 adeo
287 2022 349 2061 rara
363 2016 407 2061 est
419 2015 451 2062 ut
468 2002 516 2063 vix
530 2002 658 2062 notanda
672 2002 709 2061 sit
725 2000 778 2081 (cf.
794 2001 942 2061 Eschenb.
956 2004 1043 2062 Matr.
1057 2023 1088 2083 p.
1106 2000 1168 2081 19).

241 2098 274 2155 In
300 2096 489 2178 pentametris
518 2096 687 2176 paucissimi
714 2115 816 2155 versus
844 2095 1125 2170 animadvertentur,
1153 2093 1262 2176 quibus

202 2188 332 2250 clausula
344 2187 495 2248 vocabulis
510 2187 701 2271 polysyllabis
712 2187 871 2263 efficiatur;
890 2209 1006 2248 summa
1019 2188 1100 2248 enim
1111 2186 1262 2268 diligentia

202 2297 230 2343 et
243 2302 343 2343 severa
357 2296 417 2342 arte
434 2296 617 2364 pentameter
632 2281 667 2342 ab
684 2282 796 2343 OvidIo
810 2280 986 2342 elaboratur.
1004 2282 1075 2341 Ideo
1092 2282 1123 2340 in
1136 2280 1261 2362 trisylla-

202 2375 274 2437 bum
293 2390 342 2436 aut
359 2376 447 2437 breve
467 2375 647 2457 disyllabum
664 2390 714 2436 aut
730 2375 937 2435 choriambum
954 2395 1019 2434 raro
1037 2376 1115 2435 exit:
1134 2398 1149 2431 ι(
1166 2374 1262 2434 danda

201 2469 299 2531 forent
312 2470 439 2551 generis,
456 2472 537 2544 XIV,
558 2472 613 2546 62;
630 2470 774 2550 accipere,
794 2482 861 2549 apta
880 2469 959 2544 dare,
980 2472 1047 2544 XV,
1069 2488 1135 2546 130,
1157 2488 1263 2549 magna

202 2564 371 2645 pudicitiae,
388 2564 469 2638 XVI,
487 2583 555 2642 290,
577 2563 614 2625 cf.
635 2565 730 2638 XVII,
751 2566 797 2637 18,
813 2565 896 2638 XIX,
916 2582 983 2624 202.
1003 2560 1060 2623 Sed
1079 2563 1108 2621 in
1123 2561 1186 2621 aliis
1204 2582 1263 2622 car·

202 2655 343 2731 minibus,
370 2657 526 2738 praecipue
546 2658 577 2715 in
601 2656 733 2738 epistulis
758 2676 792 2715 en
812 2657 907 2715 Ponto
930 2670 958 2715 et
978 2654 1123 2715 Tristibus
1145 2654 1262 2715 easdem

201 2750 333 2810 licentias
346 2750 460 2810 notavit
473 2752 499 2826 J.
517 2752 655 2813 Heuvves
670 2763 693 2825 ²,
711 2769 807 2831 neque
822 2748 950 2809 multum
966 2747 1115 2831 urgendus
1130 2748 1169 2809 ob
1187 2749 1263 2807 hanc

201 2864 263 2905 rem
286 2858 329 2904 est
348 2857 445 2925 poeta.
466 2846 620 2905 Postremo
639 2844 677 2903 ita
694 2844 864 2903 concinnati
884 2856 952 2902 sunt
977 2842 1140 2903 Heroidum
1163 2862 1263 2902 versus

199 2952 258 2999 tam
280 2936 437 2999 artificiosa
453 2952 481 2997 et
504 2958 610 2997 canora
628 2936 813 3018 dactylorum
840 2951 869 2996 et
891 2937 1093 3017 spondeorum
1120 2936 1206 3011 ratio,
1231 2948 1264 2994 ut

201 3032 334 3112 quamvis
354 3030 491 3099 nonnulli
512 3051 613 3091 versus
633 3030 731 3091 solum
750 3030 892 3111 spondeis
914 3043 964 3089 aut
988 3028 1109 3110 dactylis
1128 3042 1265 3089 constent

200 3122 362 3204 (Eschenb.
387 3126 473 3199 Met,
497 3144 523 3183 c.
552 3126 605 3199 Ill,
632 3144 658 3201 3,
680 3124 713 3204 4)
735 3137 784 3182 aut
804 3122 956 3205 spondiaci
974 3121 1104 3182 clausula
1121 3122 1261 3196 evadant,

201 3217 332 3299 rhythmi
351 3216 477 3281 dulcedo
497 3232 525 3277 et
544 3216 709 3277 modulatio
734 3237 819 3275 aures
841 3217 1033 3297 permulceat.
1059 3217 1178 3276 Etenim
1201 3236 1261 3275 non

202 3310 297 3371 solum
313 3326 393 3371 curat
406 3311 533 3374 Ovidius
549 3324 581 3370 ut
592 3312 685 3370 maior
702 3311 739 3369 sit
754 3311 972 3392 principiorum
987 3310 1218 3391 dactylicorum,
1236 3321 1265 3368 et

203 3424 290 3485 quam
315 3405 456 3469 minImus
477 3404 708 3485 spondiacorum
734 3423 877 3462 numerus
893 3416 914 3477 ³,
942 3404 993 3463 sed
1023 3404 1052 3462 in
1076 3402 1266 3484 exprimenda

203 3498 346 3557 sententia
367 3518 463 3580 neque
485 3497 639 3571 obscurus,
662 3516 757 3579 neque
777 3510 942 3571 contortus,
965 3516 1062 3578 neque
1082 3495 1202 3578 putidus
1222 3509 1266 3555 est

235 3726 256 3759 1.
276 3710 358 3761 Sedlm.
375 3711 442 3773 ponit
456 3729 466 3754 a
478 3722 558 3773 terque
570 3725 613 3772 ego
628 3728 639 3753 n
653 3710 842 3756 emendatIonem
852 3720 945 3756 secutus
955 3710 1065 3766 Gilberti,
1081 3709 1119 3756 Ad
1134 3709 1203 3757 Ouid.
1219 3709 1264 3756 her.

202 3787 339 3849 quaestiones,
356 3786 460 3833 MIsenae
474 3787 542 3848 1887,
557 3802 580 3849 p.
596 3800 633 3847 17.
648 3786 693 3831 Sed
703 3786 798 3848 vulgata
810 3785 894 3848 placet.
913 3828 916 3833 .

234 3876 256 3909 2.
276 3863 318 3924 Op.
338 3863 388 3919 cil,
410 3878 433 3925 p.
452 3876 479 3922 43
499 3878 549 3925 sqq.
568 3862 613 3908 Sed
630 3860 727 3907 mirifice
745 3860 799 3908 facit
812 3861 848 3906 vir
865 3860 918 3917 ille,
937 3861 977 3923 qui
990 3860 1045 3907 inde
1061 3859 1150 3923 colligit
1172 3861 1266 3923 scriptas

202 3947 303 3984 extrema
315 3937 387 3984 Ovid.
397 3948 469 3984 aetate
480 3937 601 3993 Heroides,
616 3952 639 3999 p.
655 3950 736 3993 12-20,
753 3935 790 3997 36,
809 3949 845 3998 57.

236 4027 257 4074 3.
275 4012 354 4080 Tolle,
367 4020 400 4075 op.
413 4014 461 4069 cit,
475 4029 498 4076 p.
511 4027 563 4069 110,
577 4023 599 4059 et
610 4012 715 4075 Hilberg,
731 4028 754 4074 p.
768 4010 823 4073 657,
836 4024 880 4073 752
894 4026 936 4075 sqq

270 4128 333 4170 Ptsnt.
346 4150 373 4159 —
384 4127 451 4169 uitiati
461 4130 513 4183 epist.
524 4126 573 4174 Her,
