3159 5017
772 468 930 542 ..53-

442 601 531 657 Flebat
543 618 607 656 avus
622 601 782 673 Phoebeque
796 618 872 657 soror
886 602 1032 675 fratresque
1045 604 1169 677 gemelli3

441 686 542 741 Orabat
553 701 662 758 superos
675 686 747 741 Leda
758 703 892 760 suumque
906 688 1009 743 Iovem.

440 772 499 842 Ipsa
511 787 563 844 ego
577 788 632 824 nou
646 768 742 843 longos
753 772 834 825 etiarn
848 789 919 825 nunc
932 773 1010 827 scissa
1022 771 1140 845 capillos,

442 854 599 911 Clamabam
615 872 620 907 :
637 855 695 909 sine
707 872 761 921 me,
778 873 822 910 me
837 856 904 922 sine,
918 869 1011 923 mater,
1021 858 1095 911 abis?

357 982 458 1041 Motus
478 981 566 1063 igitur
587 981 690 1055 animi,
710 983 868 1063 praecipue
887 981 954 1043 illos
975 984 1026 1064 qui
1045 995 1113 1043 sunt
1132 981 1284 1043 molliores
1302 982 1385 1042 etad

318 1072 421 1135 fletum
442 1075 733 1157 misericordiamque
751 1074 913 1149 adducunt,
936 1074 1070 1149 flexibili,
1091 1077 1185 1150 tenui,
1207 1074 1384 1157 significanti

318 1168 452 1227 oratione
469 1169 558 1229 vestit
572 1168 700 1229 Ovidius
709 1191 718 1244 ;
735 1169 785 1230 sed
804 1168 964 1251 aliquando
975 1189 1093 1251 pressus
1107 1188 1227 1251 quoque
1244 1183 1273 1229 et
1285 1170 1385 1229 conci·

318 1274 396 1322 tatus
410 1274 439 1321 et
455 1280 540 1341 asper
556 1274 585 1322 et
604 1262 750 1325 acriorum
768 1282 963 1344 personarum
985 1263 1106 1344 ingenio
1124 1262 1382 1337 accommodatus3

319 1374 416 1437 neque
437 1353 544 1415 eodetn
565 1374 704 1417 sermone
723 1370 886 1437 queruntur
903 1356 1054 1417 modestae
1072 1356 1213 1432 feminae,
1235 1355 1385 1438 Penelope

319 1461 348 1508 et
362 1447 521 1509 Laodamia
537 1462 558 1523 ¹,
577 1462 627 1509 aut
645 1447 781 1509 ardentes
797 1449 925 1531 puellae,
945 1451 1108 1511 Hermione
1129 1464 1159 1511 et
1175 1448 1338 1532 Hypsipyle
1352 1462 1382 1524 2;

322 1562 397 1623 quae
410 1543 452 1603 sic
466 1541 643 1603 Thessalum
656 1542 807 1623 hospitem
823 1544 995 1627 interrogat,
1008 1546 1062 1619 Vl,
1077 1559 1113 1617 25
1130 1566 1138 1604 :

443 1696 457 1725 a
477 1675 635 1742 Aesonides,
649 1676 713 1742 dixi,
729 1677 793 1750 quid
808 1678 863 1750 agit
875 1678 970 1732 meus?
983 1699 998 1728 s
1013 1677 1061 1733 Ille
1072 1678 1174 1750 pudore

444 1760 546 1827 Haesit,
562 1762 591 1815 in
600 1761 722 1833 opposita
732 1760 836 1816 lumina
850 1762 919 1817 fixus
932 1762 1027 1817 humo.

443 1844 568 1901 Protinus
577 1846 680 1913 exsilui,
696 1847 846 1919 tunicisque
858 1865 873 1901 a
885 1860 989 1919 pectore
1002 1848 1097 1918 ruptis,

445 1951 458 1980 a
479 1930 561 1997 Vivit,
578 1948 623 1998 an,
636 1930 767 1997 exclamo,
781 1949 825 1985 me
843 1949 950 2005 quoque
962 1932 1014 1986 sata
1026 1932 1167 1985 vocanti»

445 2035 460 2065 e
480 2016 554 2070 Vivit
567 2036 592 2082 u,
606 2016 642 2070 ait
657 2016 787 2084 timidus3
803 2016 928 2071 timidum
943 2018 1029 2071 iurare
1042 2017 1126 2089 coegi.

361 2140 479 2200 Fractus
503 2138 553 2199 ille
576 2153 606 2201 et
631 2142 714 2222 quasi
738 2140 880 2201 anhelans
905 2160 1003 2201 sermo
1030 2140 1222 2221 exprImendo
1255 2141 1383 2201 feminae

319 2233 444 2293 amantis
469 2233 565 2295 dolori
591 2248 619 2294 et
645 2233 835 2295 sollicitudini
859 2235 984 2294 omnino
1008 2254 1072 2294 esse
1101 2234 1227 2294 idoneus
1255 2234 1383 2294 videtur.

319 2327 455 2407 Assurgit
473 2327 561 2409 igitur
580 2347 797 2410 nonnunquam
813 2329 906 2403 Nasu,
922 2342 954 2389 ut
969 2327 1043 2387 nihil
1058 2327 1161 2388 elatius
1177 2326 1342 2401 desideres;
1357 2341 1387 2387 et

320 2419 463 2502 quidquid
494 2420 581 2481 inane
607 2442 641 2481 ac
664 2421 832 2482 redundans
856 2421 969 2496 recidit,
998 2422 1073 2482 adeo
1101 2434 1134 2481 ut
1158 2418 1232 2481 nihil
1262 2421 1381 2495 sicciuS,

324 2515 423 2574 sanius
434 2515 611 2596 graviusque
625 2514 712 2575 simul
726 2516 857 2597 requiras
875 2537 882 2574 :

446 2648 518 2703 Urbe
533 2649 622 2703 virum
633 2649 697 2715 iuvi,
713 2662 839 2722 tectoque
850 2650 995 2721 animoque
1006 2649 1105 2719 recepi.

1032 2733 1081 2800 Vl,
1099 2748 1140 2801 55·

443 2818 480 2871 At
494 2831 636 2892 postquam
650 2832 735 2872 necte
750 2836 800 2873 nec
814 2819 865 2873 tela
879 2818 981 2891 fugacia
992 2818 1058 2883 vidi,

445 2904 478 2956 Et
489 2904 560 2975 quod
576 2916 722 2974 spectarem
737 2902 784 2969 nil,
801 2904 850 2957 nisi
864 2915 971 2975 pontus,
986 2915 1050 2967 erat,

446 2987 501 3041 Lux
518 3005 624 3060 quoque
638 3001 726 3043 tecum
741 2983 813 3055 abiit,
828 2987 997 3060 tenebrisque
1011 2986 1151 3058 exsanguis
1163 2985 1273 3050 obortis,

445 3073 576 3129 Succiduo
588 3073 662 3128 dicor
678 3074 850 3145 procubuisse
864 3089 945 3145 genu.

909 3157 981 3221 XIII,
995 3172 1039 3210 21.

363 3281 504 3343 Amabilis
520 3303 639 3364 prorsus
657 3297 701 3343 est
721 3282 886 3345 Ovidianae
902 3282 1044 3342 orationis
1059 3294 1155 3354 tenor,
1175 3293 1203 3339 et
1217 3280 1268 3360 qui
1283 3299 1388 3340 omnes

323 3375 440 3436 dicendi
460 3374 561 3436 laudes
580 3396 649 3457 prae
664 3396 695 3436 se
713 3376 803 3450 ferat3
822 3376 873 3436 sed
895 3396 999 3457 pamm
1019 3389 1158 3435 constans
1177 3387 1207 3434 et
1222 3387 1389 3453 temperans

324 3471 477 3550 ingenium
491 3490 552 3531 non
567 3469 664 3530 effecit
678 3471 750 3530 utin
766 3468 977 3530 excellentibus
990 3467 1145 3529 virtutibus
1157 3479 1353 3550 permaneret.

362 3562 484 3623 Accedit
507 3565 579 3623 mira
599 3562 743 3645 quaedam
766 3563 855 3623 latine
876 3562 1021 3623 scribendi
1040 3560 1161 3621 facultas
1184 3574 1214 3621 et
1234 3560 1389 3643 singularis

324 3656 397 3718 adeo
425 3656 599 3717 vernaculae
626 3656 744 3738 linguae
772 3656 924 3729 calliditas,
953 3669 985 3715 ut
1009 3675 1121 3715 meram
1152 3653 1328 3715 latinitatem
1358 3654 1388 3713 in

325 3750 465 3834 Epistulis
484 3770 690 3833 agnoscamus
713 3752 756 3811 Ex
774 3770 850 3831 puro
869 3750 950 3811 fonte
966 3747 1057 3810 verba
1074 3749 1183 3823 fluunt,
1204 3768 1269 3808 raro
1289 3761 1387 3808 autem

359 3938 379 3969 1.
398 3922 435 3970 Cl.
449 3923 468 3979 l,
481 3937 524 3984 97;
536 3922 601 3968 Xlll.
611 3937 637 3969 21
653 3936 705 3984 sqq.

358 4013 380 4051 2.
398 3996 435 4047 Cf.
449 3998 516 4055 VllI,
534 4010 574 4063 553
588 3998 672 4065 Vl,75
687 4013 737 4064 sqq.
