3159 5017
780 488 941 548 ..82-

324 638 389 683 esse
400 634 585 703 corruptum,
601 621 725 681 minime
740 633 840 681 autem
853 634 950 682 toturn
963 640 1083 681 carmen
1097 618 1210 682 Ovidio
1224 618 1391 681 abiudicari·

325 716 408 778 dum.

366 812 520 869 Postremo
543 808 702 869 confutatis
724 810 906 890 argumentis
927 828 1002 892 quae
1019 809 1050 868 in
1067 808 1126 868 hoc
1142 828 1262 868 carmen
1279 807 1392 889 prolata

326 917 405 979 sunt,
420 903 566 983 imprimis
580 903 779 962 animadverte
794 917 869 985 quot
881 902 1003 984 pulchra
1018 914 1047 962 et
1061 922 1129 962 vere
1146 902 1293 963 Ovidiana
1308 902 1340 961 in
1355 922 1392 961 eo

325 998 487 1058 emineant.
518 997 594 1055 Nam
621 997 803 1078 quicumque
826 1017 901 1078 puro
923 1010 952 1057 et
972 1016 1034 1055 non
1052 1010 1269 1077 praeoccupato
1291 996 1392 1055 animo

325 1092 404 1151 hanc
417 1089 573 1171 epistulam
589 1089 758 1171 perlegerit,
780 1092 876 1150 statim
897 1090 1003 1150 sentiet
1018 1103 1127 1170 quanta
1146 1090 1257 1169 ingenii
1271 1088 1392 1149 facilitas

326 1198 355 1245 et
367 1185 510 1245 orationis
525 1197 663 1243 venustas
682 1184 712 1243 in
725 1184 866 1244 omnibus
881 1183 1012 1265 partibus
1027 1182 1152 1257 eluceat,
1169 1196 1198 1243 et
1211 1185 1261 1243 vix
1279 1181 1392 1243 intelle·

325 1292 375 1359 get
398 1290 509 1337 tantam
534 1277 576 1336 rei
594 1278 727 1358 poeticae
748 1276 936 1338 calliditatem
955 1290 984 1337 et
1008 1275 1074 1358 styli
1094 1276 1269 1357 elegantiam
1291 1277 1393 1357 inepto

326 1372 443 1432 cuidam
458 1370 598 1430 imitatori
617 1370 705 1431 tribui
723 1392 856 1453 unquam
873 1372 1016 1451 potuisse.
1042 1372 1154 1430 Harum
1172 1371 1315 1430 virtutum
1334 1370 1393 1429 iam

326 1465 471 1545 quaedam
486 1462 621 1545 exempla
637 1485 724 1545 supra
739 1463 901 1540 attulimus,
921 1485 989 1524 cum
1007 1464 1109 1525 Ovidii
1126 1462 1259 1523 indolem
1270 1477 1300 1523 et
1312 1463 1394 1544 inge·

327 1559 410 1618 nium
423 1559 509 1618 certis
525 1558 603 1617 notis
615 1558 768 1639 designare
784 1559 882 1619 conati
896 1578 997 1618 sumus
1011 1558 1053 1639 (c.
1064 1559 1116 1628 ΙΙΙ,
1129 1556 1196 1637 lV).
1212 1557 1266 1616 His
1280 1557 1394 1617 adicere

326 1650 411 1710 liceat
423 1670 498 1732 quae
512 1670 599 1731 saepe
611 1648 745 1711 laudatus
756 1654 801 1711 De
812 1652 898 1710 Vries
910 1651 1029 1725 indicat,
1041 1660 1083 1732 op.
1094 1649 1155 1726 cah,
1166 1671 1197 1731 p.
1214 1668 1265 1727 145
1281 1673 1287 1710 :
1298 1671 1327 1709 v.
1346 1669 1394 1709 11·

329 1764 375 1819 12,
403 1745 432 1803 in
457 1741 563 1825 quibus
586 1762 712 1805 acumen
732 1764 802 1805 vere
823 1744 1007 1805 Ouidianum
1031 1744 1253 1825 deprehendere
1272 1742 1395 1825 quilibet

326 1851 440 1919 potest;
458 1837 506 1896 vel
519 1858 548 1897 v.
568 1852 601 1911 51
626 1858 670 1921 sq.
685 1836 795 1919 quibus
809 1838 956 1898 femineus
969 1858 1053 1898 amor
1073 1850 1133 1898 tam
1153 1838 1281 1918 ingenue
1300 1836 1395 1896 effun-

327 1930 423 2006 ditur;
437 1945 501 1991 tum
514 1952 542 1990 v.
558 1948 595 2007 77
608 1952 652 2013 sq.
668 1930 774 2013 quibus
790 1933 936 1991 sententia
953 1951 1041 2012 saepe
1058 1944 1195 2011 usurpata
1210 1932 1392 2013 exprimitur.

327 2025 542 2085 Animadvertit
561 2044 682 2106 quoque
703 2027 749 2084 vir
765 2024 815 2084 ille
835 2025 1046 2107 elegantiarum
1061 2026 1256 2106 peritissimus
1269 2038 1395 2106 quanto·

327 2136 397 2198 pere
413 2138 482 2178 cum
491 2118 583 2198 ipsius
596 2117 699 2178 Ovidii
710 2132 771 2178 arte
782 2120 941 2178 conveniat
953 2117 1111 2200 appellatio
1121 2117 1171 2177 illa
1181 2118 1219 2178 ad
1229 2118 1393 2192 Phaonem,

328 2212 351 2269 si
365 2212 456 2271 modo
473 2210 553 2271 illam
567 2210 770 2293 difficultatem
783 2233 812 2272 v.
831 2213 880 2290 96,
895 2232 969 2295 quae
983 2210 1042 2271 levi
1055 2212 1217 2271 admodum
1232 2212 1395 2272 mutatione

328 2306 421 2385 possit
449 2305 567 2386 corrigi,
597 2305 685 2365 nimis
709 2326 845 2387 premere
878 2305 1019 2365 nolueris,
1054 2305 1190 2386 Denique
1222 2304 1253 2364 in
1276 2325 1395 2365 summo

328 2398 443 2457 honore
465 2396 513 2458 alii
536 2398 656 2480 quidam
677 2398 735 2460 loci
756 2399 885 2460 habendi
907 2412 987 2474 sunt,
1008 2400 1179 2480 praesertim
1199 2398 1247 2459 illa
1268 2398 1395 2459 dolentis

328 2492 418 2550 animi
438 2491 567 2573 querela,
588 2513 617 2552 v.
643 2509 697 2570 137
714 2513 778 2575 sqq.
801 2492 848 2554 vel
870 2491 918 2552 illa
936 2494 998 2574 spei
1015 2506 1044 2553 et
1062 2506 1158 2553 metus
1174 2512 1275 2574 pugna
1293 2506 1395 2573 pectus

327 2582 442 2664 puellae
462 2584 638 2660 dilacerans,
666 2607 696 2645 v.
720 2604 771 2663 175
795 2606 873 2669 sqq„
895 2600 1047 2667 postremo
1070 2606 1170 2645 versus
1190 2585 1242 2661 illi,
1262 2604 1317 2662 215
1349 2606 1391 2667 sq.

327 2678 463 2738 omniurn
473 2679 639 2739 nitidissimi
648 2680 814 2740 etvividam
823 2682 863 2741 rei
872 2682 1032 2762 imaginem
1041 2694 1108 2739 ante
1116 2678 1220 2740 oculos
1229 2694 1392 2760 ponentes:

539 2827 598 2898 lpse
613 2826 772 2899 gubernabit
783 2829 900 2883 residens
913 2829 941 2881 in
952 2846 1039 2901 puppe
1050 2828 1156 2900 Cupido
1170 2846 1176 2882 ι

541 2912 599 2982 lpse
611 2912 682 2965 dabit
698 2924 787 2966 tenera
800 2913 858 2966 vela
870 2914 995 2985 legetque
1010 2931 1102 2967 manu.

370 3051 461 3132 igitur
474 3053 503 3110 in
515 3052 570 3111 hac
585 3051 710 3133 epistula
718 3052 839 3134 plurimi
849 3053 988 3135 leguntur
997 3074 1099 3114 versus
1115 3053 1264 3114 Ovidiano
1275 3052 1395 3133 ingenio

329 3144 495 3224 dignissimi
523 3159 552 3205 et
578 3146 741 3207 sententiae
768 3160 829 3207 tam
854 3148 1011 3228 ingeniose
1044 3147 1224 3227 excogitatae
1258 3157 1396 3226 tantaque

329 3251 481 3297 venustate
496 3253 664 3314 exornatae,
682 3253 713 3300 ut
728 3239 839 3300 infelici
852 3241 993 3300 imitatori
1007 3261 1041 3301 ea
1056 3241 1157 3300 omnia
1169 3238 1298 3298 tribuere
1310 3238 1396 3297 auda·

330 3331 392 3389 cior
406 3350 525 3411 prorsus
543 3333 691 3392 temeritas
704 3333 751 3392 sit.
768 3333 845 3393 Tam
861 3345 927 3415 apte
946 3353 1066 3415 quoque
1081 3352 1150 3393 cum
1173 3332 1276 3392 ceteris
1291 3330 1396 3390 Heroi-

330 3422 416 3484 dibus
450 3445 568 3486 morum
601 3425 827 3507 descriptiones,
863 3447 963 3487 rerum
1002 3427 1194 3501 narrationes,
1231 3424 1396 3485 fabularum

329 3516 484 3591 affectatio,
509 3518 636 3601 denique
652 3520 764 3579 ironica
782 3521 928 3602 quaedam
947 3519 1113 3601 explicandi
1132 3518 1300 3601 argumenti
1322 3517 1396 3577 ratio

329 3612 489 3686 consentit,
513 3625 545 3672 ut
571 3626 619 3673 aut
642 3614 769 3675 Ovidius
792 3628 842 3674 aut
864 3628 953 3695 poeta
975 3633 1036 3673 non
1059 3613 1171 3674 Ovidio
1200 3614 1295 3693 impar
1317 3611 1395 3670 hanc

330 3703 485 3784 epistulam
512 3706 661 3787 scripsisse
689 3708 841 3783 videatur3
874 3728 942 3768 cum
972 3727 1045 3767 vero
1076 3720 1175 3767 tantus
1206 3705 1337 3765 imitator
1363 3724 1398 3762 ex

329 3798 492 3857 recentium
505 3801 767 3879 grammaticorum
779 3800 907 3861 fecunda
919 3814 1018 3861 mente
1030 3799 1173 3859 oriundus
1186 3800 1233 3874 sit,
1248 3798 1397 3880 quendam

331 3888 422 3950 aliurn
437 3906 567 3971 poetam,
585 3894 646 3952 sive
661 3912 697 3953 ex
711 3895 851 3975 antiquis,
863 3896 924 3955 sive
933 3915 969 3954 ex
978 3892 1203 3975 posterioribus,
1216 3910 1397 3973 componere

331 3980 389 4042 hoc
405 4004 522 4044 carmen
537 3988 669 4067 potuisse
685 4008 746 4047 non
762 3988 863 4048 credo.
