3159 5017
787 513 928 557 ...2-

371 622 468 689 Nobis
482 626 573 711 igitur
584 644 662 710 opus
677 626 888 690 incohantibus
903 628 984 691 nulla
999 646 1070 689 sane
1083 624 1214 691 subsidia
1228 626 1393 704 defuerunt,

331 740 406 803 quae
424 722 545 803 quidem
562 741 597 782 ex
616 722 877 804 grammaticorum
896 721 1169 798 emendationibus,
1190 723 1270 784 notis
1286 723 1395 784 criticis

330 828 360 876 et
379 816 556 877 coniecturis
578 829 677 877 essent
695 815 901 898 exspectanda,
921 831 972 877 aut
990 815 1025 876 ad
1043 815 1143 891 verba,
1166 817 1344 892 orationem,
1366 831 1395 878 et

329 928 386 984 res,
404 929 478 992 quae
493 910 682 992 antiquitates
695 909 893 993 appellantur,
911 908 1200 993 explicationemque
1214 910 1392 985 fabularum,

328 1003 520 1084 pertinerent.
535 1004 653 1065 Etenim
669 1005 756 1065 lama
770 1003 865 1064 tribus
880 1004 1004 1065 saeculis
1015 1024 1210 1087 unaquaeque
1224 1019 1301 1065 aetas
1313 1004 1394 1065 viros

329 1096 397 1157 tulit
409 1098 459 1179 qui
477 1098 507 1158 in
523 1098 711 1159 recensendis
731 1110 760 1158 et
778 1097 915 1159 sanandis
930 1098 976 1157 his
995 1097 1176 1159 carminibus
1191 1097 1390 1163 elaborarunt.

330 1190 400 1251 Ideo
415 1192 601 1253 doctissimos
617 1194 689 1253 Her.
705 1190 858 1273 Epistulae
875 1191 1082 1252 emendatores
1099 1192 1178 1252 inter
1192 1192 1266 1252 alios
1278 1191 1392 1253 habue-

328 1297 397 1346 runt
421 1305 457 1345 ex
483 1284 694 1347 vetustioribus
717 1286 914 1367 Naugerium,
936 1283 1106 1367 Micyllum‚
1127 1284 1300 1361 Ciofanum,
1326 1300 1391 1347 tum

326 1378 533 1440 felicissimum
549 1393 577 1439 et
595 1380 708 1461 optime
723 1379 760 1439 de
776 1379 889 1440 Ouidio
905 1380 1045 1440 meritum
1061 1380 1129 1440 Nic.
1150 1380 1321 1455 Heinsium,
1343 1379 1391 1439 cui

326 1472 461 1533 aemulus
472 1473 601 1534 occurrit
611 1475 643 1533 P.
659 1476 847 1534 Burmannus
855 1485 885 1533 et
893 1471 1033 1553 deinceps
1043 1474 1108 1533 Van
1119 1473 1253 1554 lennep.
1266 1472 1391 1534 illorum

327 1567 426 1649 copias
446 1568 558 1628 criticas
573 1582 602 1629 et
615 1568 833 1649 grammaticas,
854 1580 887 1627 ut
906 1567 1158 1628 eminentissimos
1175 1580 1290 1627 tantum
1303 1567 1390 1629 attin·

326 1680 404 1742 garn,
425 1661 644 1721 accuratissime
666 1659 852 1743 digesserunt
870 1659 949 1742 apud
974 1659 1076 1721 Gallos
1097 1661 1197 1735 Amar,
1217 1660 1295 1741 apud
1317 1660 1389 1721 Ger·

326 1774 429 1817 manos
449 1756 476 1830 J.
501 1755 571 1817 Chr.
592 1754 680 1830 jahn,
700 1758 737 1815 V.
759 1756 863 1830 Loers,
886 1755 921 1815 R.
943 1751 1068 1830 Merkel,
1090 1755 1254 1828 AsRiese,
1278 1756 1318 1814 H.
1343 1756 1387 1817 St.

326 1847 510 1931 Sedlmayer,
527 1869 656 1932 quorum
671 1848 812 1931 sagacitas
826 1862 856 1909 et
871 1848 1005 1910 doctrina
1018 1868 1081 1912 non
1100 1868 1205 1930 parum
1219 1847 1256 1908 ad
1270 1846 1388 1909 absolu·

324 1942 439 2003 tionem
454 1942 612 2023 scripturae
625 1955 654 2003 et
671 1942 920 2025 interpretationis
934 1941 1062 2003 contulit
1075 1956 1096 2001 ¹.

287 2112 289 2117 Ι
366 2034 567 2107 Quaestiones
582 2056 653 2097 vero
669 2036 773 2097 arduas
786 2037 842 2096 hae
859 2035 1001 2118 epistulae
1015 2036 1093 2097 inter
1111 2035 1245 2097 eruditos
1260 2035 1340 2096 viros
1353 2035 1390 2096 de

323 2128 413 2191 huius
432 2130 571 2190 carminis
596 2122 765 2206 inventore,
789 2150 910 2211 genere,
934 2130 1068 2206 nomine,
1092 2128 1261 2189 authentica
1283 2129 1384 2211 scripti

322 2221 381 2303 lide
405 2237 575 2297 moverunt,
597 2224 633 2283 de
655 2222 763 2305 quibus
783 2223 978 2306 laudatissimi
997 2224 1083 2300 Jahn,
1101 2221 1203 2298 Loers,
1223 2223 1384 2298 lachman,

322 2314 447 2391 Merkel,
468 2319 500 2377 L.
520 2316 659 2391 Mueller,
673 2316 735 2391 alii,
750 2316 874 2377 diversis
889 2317 1045 2378 sententiis
1062 2329 1092 2376 et
1109 2315 1386 2377 ratiocinationibus

322 2409 525 2493 disputarunt3
544 2410 756 2471 recentissimis
770 2411 927 2492 praecipue
941 2408 1126 2491 temporibus
1137 2408 1267 2469 studiosa
1277 2410 1385 2470 cohors

320 2503 399 2584 apud
417 2504 581 2565 Germanos
599 2504 720 2586 quidem
739 2506 812 2564 Her.
828 2502 976 2585 Epistulas
995 2502 1129 2585 diligenti
1150 2522 1240 2564 manu
1258 2503 1386 2563 versavit

321 2611 350 2658 et
362 2596 505 2678 plurimas
520 2598 790 2659 commentationes
804 2594 840 2657 ad
855 2597 928 2657 haec
941 2597 1070 2659 carmina
1086 2597 1267 2678 pertinentes
1282 2610 1384 2678 protu-

320 2688 383 2753 lit2.
400 2692 582 2773 Quanquam
597 2692 707 2753 horum
720 2690 1144 2772 doctissimasdisceptationes
1154 2688 1241 2750 nobis
1255 2687 1383 2750 multum

319 2783 464 2865 profuisse
479 2803 729 2866 supervacaneum
745 2797 788 2844 est
803 2784 921 2859 addere,
934 2782 1038 2844 leviter
1051 2783 1095 2844 illi
1107 2784 1236 2865 attigisse
1246 2782 1384 2843 videntur

319 2877 390 2960 quid
405 2878 435 2937 in
451 2878 623 2939 universum
636 2876 672 2938 de
685 2877 827 2959 Epistulis
845 2866 873 2937 et
888 2877 924 2938 de
939 2897 1040 2938 earum
1057 2897 1177 2959 genere,
1192 2890 1379 2958 argumento,

318 2970 463 3045 oratione,
483 2968 644 3031 virtutibus
667 2970 795 3053 denique
815 2985 845 3032 et
865 2968 944 3031 striis
963 2969 1153 3031 sentiendum
1179 2969 1234 3045 sit;
1256 2990 1324 3030 narn
1351 2970 1381 3031 in

319 3063 502 3125 excutiendis
514 3062 736 3125 difficultatibus
751 3084 827 3147 quae
843 3063 1007 3145 plurimum
1023 3063 1198 3124 eruditionis
1213 3063 1380 3144 requirunt,

317 3155 354 3217 de
369 3154 507 3217 editionis
520 3170 653 3239 tempore
673 3171 701 3217 et
718 3150 904 3231 auctoritate,
920 3156 965 3217 illi
978 3156 1100 3238 quidem
1114 3175 1234 3238 operam
1255 3155 1379 3237 diligen-

317 3250 462 3311 tissimam
477 3263 637 3325 navarunt3
656 3250 691 3310 de
707 3251 779 3332 ipso
787 3264 887 3311 autern
902 3263 990 3330 poeta
1005 3250 1130 3331 eiusque
1146 3248 1258 3331 ingenii
1279 3248 1380 3310 indole

318 3357 346 3403 et
364 3343 481 3425 propria
505 3343 673 3404 Heroidum
694 3364 728 3403 ac
746 3342 888 3424 peculiari
909 3357 1012 3403 natura
1033 3341 1129 3403 obiter
1152 3355 1267 3403 tantum
1287 3340 1380 3403 locuti

317 3450 396 3499 sunt.

356 3531 443 3599 Quae
452 3550 520 3591 cum
531 3530 570 3591 ita
580 3530 649 3604 sint,
662 3530 738 3590 hanc
751 3530 903 3591 materiam
916 3543 1068 3591 retractare
1081 3528 1190 3611 placuit
1200 3543 1229 3591 et
1239 3528 1378 3611 quasdam

315 3623 351 3684 de
366 3625 438 3685 Her.
456 3622 595 3704 Epistulis
611 3624 798 3705 quaestiones
812 3624 970 3705 praecipue
982 3621 1146 3704 explanare.
1160 3624 1238 3685 Nam
1250 3621 1335 3704 quale
1348 3623 1378 3683 in

348 3799 368 3831 t.
388 3782 492 3830 Indicem
515 3793 621 3831 veterum
643 3783 774 3831 editionum
791 3785 816 3830 in
836 3793 919 3831 octavo
940 3784 999 3830 edit.
1019 3783 1178 3831 Lemairianae
1195 3784 1244 3831 vol.
1262 3783 1376 3845 reperies;

318 3861 456 3906 recentiores
465 3862 611 3922 recognoscit
622 3859 713 3907 Teuffel
722 3861 747 3905 in
759 3860 901 3907 Geschichte
909 3860 949 3907 der
955 3859 1017 3907 Rom
1029 3859 1085 3907 Litt.
1099 3861 1186 3921 5⁸edit.
1195 3874 1243 3907 von
1255 3858 1376 3917 Schwabe,

315 3940 418 4001 Leipsig,
433 3940 502 3999 1890.
1007 3978 1018 3995 ὓ

346 4029 369 4061 a.
388 4016 506 4063 Posterius
518 4030 566 4076 eae,
579 4016 631 4063 data
641 4017 772 4074 occasione,
785 4017 1041 4065 commemorabuntur.
1107 4059 1112 4067 .
