3159 5017
785 520 827 537 a.
846 492 886 567 46
906 521 947 537 ...

463 620 466 627 ’
569 620 619 681 'Ut
631 618 715 697 rapiat
727 620 922 699 Paridi,'quam
933 624 1006 679 Paris
1016 615 1199 681 antesibi.''
1288 617 1293 625 “
1395 612 1401 619 ’

373 763 553 825 Huiusmodi
570 763 684 841 vitium,
700 764 731 823 in
750 765 873 847 optimis
893 764 1059 841 Heroidum
1078 764 1212 847 epistulis
1233 765 1395 849 reperitur3

332 860 372 921 ita
386 858 493 919 Briseis
505 858 639 919 oratione
654 856 777 930 lascivit,
793 859 848 935 ΙΙΙ,
865 877 878 938 5
898 881 906 921 t

473 1006 501 1061 Si
516 1005 583 1061 mihi
597 1020 678 1078 pauca
690 1006 764 1079 queri
775 1006 809 1061 de
823 1007 1026 1080 tedominoque
1038 1004 1149 1080 viroque

338 1156 344 1165 μ
415 1123 418 1130 ·
473 1090 522 1145 Fas
540 1103 588 1158 est,
602 1091 636 1145 de
647 1090 760 1146 domino
770 1108 854 1164 pauca
865 1092 976 1166 viroque
988 1108 1094 1165 querar.

473 1176 546 1241 Non,
562 1191 613 1248 ego
624 1176 743 1248 poscenti
756 1177 900 1251 quodsum
913 1178 967 1233 cito
981 1177 1077 1233 tradita
1088 1177 1153 1249 regi,

474 1260 561 1333 Culpa
575 1273 622 1316 tua
635 1274 687 1328 est;
703 1263 826 1334 quamvis
837 1262 903 1317 haec
913 1278 1022 1337 quoque
1033 1261 1112 1334 culpa
1125 1273 1170 1317 tua
1181 1275 1230 1318 est.

372 1399 495 1462 Futilius
506 1400 593 1462 etiam
609 1399 686 1461 ludit
700 1402 794 1477 Hero,
810 1403 893 1477 XIX,
911 1404 969 1464 16:

526 1540 608 1603 Quod
621 1537 715 1594 faciam
729 1554 859 1612 superest,
875 1554 976 1613 praeter
985 1556 1085 1619 amare,
1098 1540 1167 1596 nihil
1181 1559 1197 1619 :⁴
1254 1562 1258 1567 ·

527 1624 610 1689 Quod
625 1638 751 1697 superest,
766 1620 846 1683 facio.
915 1617 918 1622 ’
1002 1617 1005 1623 ’

340 1848 343 1854 s
368 1769 410 1829 -At
434 1744 607 1849 nugatoriae
632 1764 716 1829 istius
741 1767 905 1829 calliditatis
929 1766 1094 1831 absolutam
1120 1768 1249 1853 speciem
1279 1769 1398 1833 exhibet

334 1862 467 1944 Sappho,
482 1861 548 1937 XV,
565 1879 600 1940 39
615 1882 623 1922 ε

426 2001 430 2008 '
472 2004 509 2072 Si,
520 2002 571 2059 nisi
584 2020 651 2077 quae
666 2002 733 2059 sacie
748 2005 846 2077 poterit
858 2016 885 2059 te
899 2004 981 2078 digna
990 2006 1082 2074 videri,

471 2088 552 2144 Nulla
565 2089 653 2145 lutura
664 2101 709 2144 tua
719 2100 768 2157 est,
784 2090 858 2145 nulla
870 2088 961 2145 futura
969 2103 1016 2147 tua
1025 2103 1075 2147 est.

371 2229 407 2287 Et
419 2226 561 2309 quoniam
579 2226 615 2287 de
628 2228 760 2309 repetitis
774 2224 872 2288 verbis
889 2226 1051 2311 loquimur,
1067 2243 1201 2311 superest
1213 2243 1246 2291 ut
1258 2227 1397 2292 observe-

335 2340 401 2381 mus
415 2319 558 2403 quasdam
578 2321 747 2382 iterationes
765 2342 827 2382 non
846 2321 973 2383 consilio
992 2335 1022 2383 et
1041 2322 1107 2383 data
1123 2342 1214 2405 opera
1231 2338 1395 2406 usurpatas,

332 2413 384 2473 sed
396 2413 582 2497 neglegentia
593 2415 706 2475 Nasoni
722 2415 880 2492 excidisse3
893 2414 993 2498 qualia
1005 2416 1216 2498 capi-caperer,
1226 2418 1280 2493 ΙΙΙ,
1291 2422 1396 2497 16··19;

331 2506 575 2589 puellae-puella,
588 2506 628 2569 ib.
643 2510 748 2589 35-383
759 2510 895 2584 miserae,
907 2508 1058 2585 miseram,
1068 2509 1110 2571 ib.
1124 2513 1210 2589 59·61
1222 2533 1232 2588 ;
1242 2511 1395 2595 Nympha,

333 2602 477 2683 nympha,
492 2603 531 2677 V,
554 2620 661 2679 1o·12;
680 2616 795 2679 venter,
813 2617 926 2679 ventre,
947 2604 1031 2679 XVI,
1051 2606 1160 2681 44·46;
1179 2619 1278 2682 nocte,
1297 2619 1396 2679 nocte,

331 2695 444 2770 XVlll,
462 2696 567 2770 76-78,
584 2710 640 2757 etc.
662 2698 695 2756 ln
710 2695 818 2757 talibus
833 2696 906 2757 locis
925 2697 1100 2758 dormitasse
1117 2699 1262 2760 Ovidium
1281 2698 1399 2781 putabis

331 2788 426 2850 autad
436 2790 597 2850 coercenda
608 2789 679 2851 vitia
688 2796 819 2872 tempus,
831 2790 1014 2872 diligentiam
1023 2790 1247 2854 voluntatemve
1258 2793 1396 2875 defuisse,

267 2915 269 2919 .
333 2883 459 2965 ideoque
472 2884 574 2965 paucis
593 2883 716 2945 maculis
730 2904 791 2944 non
807 2883 978 2945 offenderis.

372 2976 451 3037 Hinc
462 2977 510 3037 via
525 2990 569 3037 est
583 2976 619 3039 ad
630 2976 802 3039 acuminum
814 2996 903 3040 usum
917 2992 947 3039 et
957 2978 1227 3059 contrapositorum
1236 2978 1397 3042 verborum

333 3070 474 3146 studium,
496 3090 582 3152 quae,
605 3090 673 3133 curn
694 3084 802 3153 poetae
824 3071 980 3153 ingenium
1008 3086 1088 3133 recto
1111 3072 1223 3135 iudicio
1244 3072 1399 3135 cohibetur

333 3183 429 3246 neque
442 3164 472 3224 in
484 3164 571 3225 inane
581 3165 763 3247 argutiarum
778 3166 939 3246 aucupium
957 3164 1114 3242 delabitur,
1128 3166 1208 3227 haud
1221 3187 1314 3248 parvo
1329 3181 1399 3228 sunt

332 3271 519 3319 ornamento⁸
534 3260 574 3319 At
587 3257 737 3319 subridere
748 3278 865 3341 semper
875 3260 956 3321 Naso
971 3258 1089 3320 videtur
1099 3274 1129 3321 et
1142 3273 1262 3321 acutum
1273 3259 1397 3321 verbum

331 3349 440 3413 habere
455 3365 591 3433 paratum
609 3372 669 3434 quo
690 3351 885 3413 urbanitatem
905 3372 989 3413 suam
1004 3352 1152 3430 exhibeat,
1172 3355 1210 3430 V,
1230 3349 1395 3431 106,124:

478 3530 533 3547 .....
547 3491 590 3544 Sic
601 3502 627 3545 et
641 3490 784 3545 Menelaon
797 3492 904 3545 amavit.

473 3574 553 3630 Nunc
568 3576 635 3630 iacet
646 3576 674 3630 in
687 3576 769 3631 viduo
783 3576 895 3648 frigidus
906 3573 951 3631 ille
963 3587 1058 3633 toro...

474 3660 594 3716 Possidet
609 3678 642 3715 en
657 3660 739 3715 saltus
751 3659 797 3715 illa
810 3662 922 3715 iuvenca
934 3677 1044 3716 meos...

474 3743 526 3799 Sed
539 3744 613 3801 iubet
624 3746 661 3799 ire
673 3746 755 3801 Deus.
767 3744 920 3800 —Vellem
932 3746 1060 3800 vetuisset
1073 3746 1154 3801 adire.
1225 3765 1227 3768 ·

1074 3830 1214 3898 VII,141.

474 3914 557 3987 Inque
569 3932 641 3970 novo
653 3915 721 3970 iacui
737 3913 833 3988 frigida
847 3914 916 3970 sacta
928 3926 998 3970 toro.
1173 3951 1183 3967 .
1225 3962 1227 3966 .

899 4042 901 4046 ’
959 3998 1032 4067 XIV)
1051 4001 1093 4070 38·
1192 4036 1195 4041 '
