3159 5017
625 864 764 933 CAPUT
779 860 808 933 ll

328 1066 369 1143 na
386 1060 543 1121 canuntur
566 1074 690 1135 causan,
713 1061 765 1120 cu'r
789 1076 896 1120 aanors
919 1075 1024 1123 soum
1048 1076 1110 1141 asr,

407 1182 410 1188 ’
468 1228 481 1255 ,Ἰ
554 1182 685 1234 arusQuu
704 1178 890 1243 tuveuroan.
1127 1162 1132 1176 '

194 1454 213 1520 ’,
230 1458 404 1521 Carminum
416 1478 522 1543 genus,
541 1460 621 1544 quod
641 1461 746 1523 Herois
763 1457 944 1537 inscribitur,
961 1461 1100 1544 epistulas
1122 1460 1256 1569 designat

190 1548 222 1613 in
238 1552 351 1635 quibus
359 1573 421 1614 non
439 1574 493 1615 suo
508 1568 595 1636 poeta
613 1554 737 1615 nomine
751 1554 895 1638 loquitur,
915 1556 966 1616 sed
987 1554 1080 1631 alios,
1095 1557 1255 1663 praecipue

189 1645 326 1722 feminas,
352 1646 388 1709 ad
405 1646 557 1709 absentem
587 1647 622 1709 de
652 1646 877 1743 vehementiore
903 1649 1031 1732 quodam
1059 1649 1152 1710 animi
1170 1663 1254 1711 motu

191 1738 351 1801 scribentes
361 1738 496 1823 fingit

228 1820 318 1939 ripud
341 1834 485 1895 Ovidium
508 1834 641 1918 quidem,
661 1836 712 1918 qui
731 1836 869 1897 carminis
887 1834 975 1897 huius
994 1835 1091 1919 legem
1111 1836 1255 1920 exemplis

191 1926 252 1988 suis
275 1928 385 2003 statuit,
409 1927 601 2011 epistularum
624 1943 758 1991 auctores
780 1930 811 1990 in
833 1930 950 1992 eodem
961 1950 1065 1992 omnes
1084 1931 1161 1992 vitae
1180 1944 1256 1991 statu

191 2007 355 2105 rersantnr,
375 2021 405 2082 id
425 2034 470 2083 est
489 2022 520 2081 in
537 2021 720 2105 aegritudine
738 2036 767 2083 et
781 2022 885 2085 dolore
901 2022 1068 2085 amantibus
1085 2024 1186 2099 solito,
1205 2023 1256 2108 qui

192 2126 261 2177 cum
282 2114 396 2175 absenti
420 2114 564 2197 coniungi
590 2118 818 2199 concupiscunt.
838 2118 930 2199 Igitur
949 2117 1116 2179 Heroidum
1135 2119 1257 2179 materia

191 2209 322 2314 angustis
354 2206 396 2269 rei
424 2209 583 2271 amatoriae
609 2210 742 2271 terminis
767 2210 988 2293 circumscripta
1016 2225 1070 2273 est.
1108 2214 1258 2273 Praeterea

193 2304 348 2399 personae,
378 2322 439 2363 non
466 2322 502 2364 ex
532 2303 747 2365 recentioribus
775 2304 959 2393 temporibus
987 2318 1017 2366 et
1043 2324 1111 2366 vera
1136 2304 1259 2366 historia

194 2394 388 2485 excerptae,
377 2394 428 2457 sed
440 2416 476 2457 ex
490 2396 612 2459 heroico
625 2418 699 2459 aevo
713 2411 742 2459 et
754 2413 952 2460 remotissrma
959 2411 1104 2459 vetustate
1111 2412 1258 2480 sumptae,

193 2478 228 2549 ad
245 2502 406 2551 amatorem
436 2489 540 2572 procul
567 2504 703 2573 agentem
729 2486 857 2553 scribere
884 2490 1048 2575 finguntur
1079 2494 1178 2574 Atque
1204 2492 1260 2570 hac

195 2594 263 2643 sane
286 2592 368 2664 parte
390 2581 556 2645 Ovidianae
570 2582 722 2666 epistulae
741 2584 778 2647 ab
799 2585 939 2647 omnibus
960 2585 1101 2667 distingui
1122 2599 1259 2668 possunt,

194 2695 268 2758 quae
298 2689 401 2739 nostra
421 2691 472 2739 aut
501 2678 652 2759 superiore
680 2692 774 2740 aetate
800 2676 980 2761 perscriptae
1009 2693 1089 2753 sunt,
1122 2678 1184 2739 sive
1211 2699 1260 2740 eas

194 2769 315 2851 materia
340 2768 512 2833 continebat
531 2770 682 2843 amatoria,
707 2792 723 2833 a
752 2773 894 2854 scriptore
920 2774 986 2853 ipso
1009 2772 1172 2858 explanata,
1198 2773 1261 2850 sive

194 2862 250 2945 viri
264 2860 451 2946 feminaeque
462 2863 561 2925 solitas
576 2865 739 2926 amantium
756 2864 889 2949 querelas
906 2864 1092 2927 effundentes
1107 2880 1136 2927 et
1151 2865 1260 2927 molles

195 2955 275 3037 aegri
296 2956 388 3017 animi
412 2956 534 3018 affectus
554 2957 753 3019 describentes
777 2960 910 3035 vicissim
925 2960 1039 3021 inducti
1066 2974 1155 3034 sunt,
1179 2959 1261 3041 quod

195 3046 298 3109 fictum
316 3048 465 3134 scribendi
479 3070 585 3133 genus,
602 3050 716 3112 Gallice
732 3066 872 3114 vocatum
889 3055 1007 3128 Roman,
1023 3051 1186 3134 plurimum
1201 3051 1260 3114 flo-

196 3142 264 3216 ruit,
289 3162 324 3203 ex
341 3162 401 3226 quo
425 3142 633 3205 celeberrimus
658 3158 798 3207 nostras¹
825 3145 953 3207 duorum
975 3144 1138 3207 amantium
1156 3165 1260 3205 sensus

196 3230 293 3303 uarios
308 3245 338 3292 et
355 3232 574 3295 commotiones
591 3234 621 3293 in
642 3232 832 3296 nobilissimo
852 3255 942 3317 opere
962 3234 1107 3316 depinxit,
1126 3233 1179 3295 illo
1196 3234 1260 3317 qui·

197 3322 266 3384 dem
303 3323 400 3385 soluta
427 3325 560 3388 oratione
591 3328 771 3409 conscripto
802 3329 841 3388 At
871 3324 945 3388 hoc
957 3348 1076 3410 quoque
1105 3327 1262 3416 Ouidianis

199 3416 381 3477 Heroidibus
396 3418 544 3500 peculiare
559 3432 614 3495 est,
630 3420 710 3503 quod
724 3419 858 3481 versibus
873 3422 1067 3509 concinnatae
1082 3434 1160 3481 sunt.

203 3511 364 3572 Nunc
341 3531 364 3572 s1
380 3513 545 3574 carminum
560 3513 669 3573 horum
683 3526 815 3575 naturam
836 3505 1083 3667 perspexerimus,
1102 3514 1138 3573 ad
1153 3512 1263 3595 elegia-

198 3613 267 3664 'curn
292 3620 387 3687 genus
410 3625 443 3666 ea
468 3607 613 3688 pertinere
633 3626 842 3688 agnoscemus
867 3609 984 3670 Etenim
1007 3608 1039 3667 in
1064 3600 1263 3667 describendis

198 3695 350 3758 affectibus
364 3712 527 3774 versantur,
546 3700 598 3783 qui
612 3696 790 3788 plerumque
801 3700 944 3762 dolentes
963 3714 992 3761 et
1006 3699 1150 3782 patientes
1164 3691 1262 3760 aman·

199 3788 286 3865 tium,
304 3789 483 3853 feminarum
498 3792 668 3875 praecipue,
687 3794 804 3855 animos
821 3793 975 3856 invadunt.
997 3789 1263 3865 Quemadmodum

200 3881 288 3964 igitur
309 3876 348 3943 in'
364 3882 466 3967 elegiis
479 3898 540 3947 aut
562 3886 663 3947 sedato
690 3887 832 3949 orationis
856 3900 959 3949 tenore
981 3882 1184 3960 effunduntur,
1213 3897 1264 3971 aut

202 4083 208 4091 ,
221 4050 225 4059 ’
237 4057 260 4091 1.
275 4041 330 4127 MT
341 4044 472 4121 noussen,
483 4046 587 4101 trouvent
595 4040 689 4096 Hilotre.
