3159 5017
348 649 375 706 O
387 648 572 723 nequeadhuc
585 648 697 717 iuvenis,
710 666 798 722 neque
810 650 866 705 iam
876 664 952 723 puer,
964 645 1037 705 utilas
1047 660 1127 718 aetas,

348 734 375 790 0
388 736 478 802 decus,
491 748 569 807 atque
582 736 640 789 aevi
652 735 735 807 gloria
747 751 844 808 magna
852 736 901 803 tui,

349 820 410 875 Huc
423 820 494 888 ades,
510 821 590 893 inque
603 822 687 887 sinus,
701 819 828 888 formose,
841 819 956 877 relabere
965 832 1086 887 nostr0s3

347 906 411 960 Non
421 917 450 960 ut
464 922 547 974 ames,
561 922 620 972 oro,
636 922 729 960 verum
744 917 773 960 ut
782 922 872 961 amare
880 906 960 962 siuas.

246 1032 291 1092 De
308 1030 470 1091 amantium
482 1050 553 1091 vero
565 1029 679 1113 gaudiis
691 1029 788 1093 dicere
798 1049 1050 1113 supervacaneum
1061 1043 1116 1106 est,
1128 1029 1272 1113 quoniam

205 1124 243 1185 ad
256 1123 441 1207 voluptatem
457 1136 486 1185 et
500 1121 589 1185 etiam
604 1123 795 1185 obscenitatis
807 1125 962 1207 imagines,
976 1124 1035 1186 iam
1045 1144 1133 1206 supra
1143 1136 1269 1199 notatas,

206 1231 343 1301 vergunt.
364 1219 404 1279 At
421 1219 483 1279 iure
500 1217 641 1294 feminae,
661 1218 697 1279 ad
715 1233 834 1280 naturae
855 1231 992 1279 tenorem
1010 1218 1211 1301 respicientes,
1234 1217 1271 1279 de

207 1325 373 1375 amatorum
384 1309 538 1373 affectibus
553 1310 639 1373 facile
653 1312 755 1373 anxiae
768 1325 849 1388 sunt,
864 1314 888 1389 1,
904 1328 963 1389 75:

347 1446 420 1501 Haec
433 1462 483 1519 ego
495 1444 560 1501 dum
574 1445 653 1501 stulte
663 1459 765 1513 metuo,
779 1463 846 1519 quae
860 1458 947 1501 vestra
955 1444 1038 1502 libido
1051 1457 1101 1514 est,

347 1530 411 1587 Esse
423 1532 563 1604 peregrino
571 1544 663 1601 captus
677 1548 769 1587 amore
782 1545 868 1604 potes.

247 1656 395 1738 Deinceps
409 1676 477 1717 cum
494 1655 645 1718 derelictas
662 1676 693 1719 se
710 1677 773 1720 esse
788 1657 931 1730 sentiunt,
948 1656 1083 1719 dolorem
1101 1655 1271 1719 ardentibus

206 1746 302 1811 verbis
317 1763 507 1833 expromunt,
527 1752 579 1825 Ill,
599 1752 633 1813 61
654 1770 660 1809 :

346 1884 399 1939 Ibis
412 1896 448 1951 et,
460 1901 478 1939 o
491 1884 629 1939 miseram!
644 1884 687 1939 cui
699 1902 754 1952 me,
764 1883 892 1952 violente,
908 1884 1050 1957 relinquis?

347 1968 416 2032 Quis
430 1970 497 2023 mihi
512 1970 629 2025 desertae
639 1970 704 2024 mite
716 1968 838 2025 levamen
852 1970 919 2025 erit?

346 2054 467 2110 Devorer
480 2065 550 2120 ante,
563 2070 665 2127 precor,
681 2054 770 2110 subito
782 2053 883 2109 telluris
894 2054 979 2123 hiatu,

346 2138 402 2193 Aut
413 2135 484 2193 rutili
496 2139 570 2195 missi
582 2138 703 2195 fulminis
715 2140 779 2211 igne
789 2156 901 2195 cremer.

245 2265 305 2326 Aut
317 2264 405 2325 etiam
417 2264 448 2326 in
463 2264 635 2327 acerrimam
649 2261 887 2347 desperationem
900 2263 1086 2346 abripiuntur
1100 2276 1270 2327 etaestuan-

205 2370 266 2419 tem
285 2358 418 2419 animum
438 2358 635 2440 comprimere
655 2358 714 2419 iam
734 2372 898 2441 nequeunt,
919 2371 952 2420 ut
970 2358 1101 2420 vicissim
1121 2370 1269 2439 stupeant,

205 2450 342 2534 frigeant,
356 2453 386 2513 in
402 2451 535 2513 lacrimas
550 2466 718 2534 erumpant,
735 2453 916 2513 exanimatae
928 2472 992 2513 esse
1008 2451 1175 2528 videantur,
1187 2451 1271 2535 quasi

204 2559 301 2608 morte
312 2545 409 2607 futura
422 2545 559 2628 pallidae,
574 2546 668 2629 qualis
685 2546 818 2628 Sappho,
834 2548 901 2623 XV,
918 2564 973 2626 109
988 2568 996 2607 ε
1014 2545 1083 2608 Iuro
1087 2592 1149 2607 .....

345 2679 418 2735 Cum
432 2676 499 2735 mihi
514 2680 673 2752 nescioquis
687 2700 702 2731 «
711 2678 829 2753 Fugiunt
840 2693 887 2735 tua
895 2680 993 2753 gaudia
1008 2679 1110 2748 adiicit,

344 2764 402 2820 Nec
416 2781 460 2820 me
474 2762 537 2819 flere
550 2764 595 2820 diu
610 2782 658 2821 nec
670 2766 789 2838 potuisse
803 2765 891 2838 loqui3

345 2850 379 2904 Et
392 2848 516 2907 lacrimae
527 2850 634 2906 deerant
648 2850 732 2905 oculis
741 2862 768 2905 et
779 2850 860 2905 verba
872 2848 975 2922 palato;

345 2934 494 2989 Astrictum
504 2932 593 3007 gelido
607 2934 704 3008 frigore
714 2947 806 3007 pectus
818 2946 883 3003 erat,
898 2947 950 2991 etc.

245 3072 279 3134 ln
300 3073 534 3157 Hypermnestra
552 3072 730 3135 felicissimis
750 3072 848 3135 verbis
868 3072 990 3135 feminei
1010 3072 1103 3135 animi
1124 3086 1222 3135 metus
1242 3086 1272 3135 et

205 3164 403 3227 dubitationes
418 3164 596 3249 doloresque
610 3168 690 3228 Naso
704 3166 832 3249 effingit,
846 3169 928 3241 XIV,
945 3186 994 3245 29,
1008 3170 1059 3244 78,
1076 3166 1149 3228 dum
1161 3168 1272 3228 incerta

204 3258 275 3342 quid
295 3273 375 3341 agat,
397 3273 497 3322 utrum
521 3260 657 3321 mandata
675 3262 766 3343 patris
789 3261 886 3342 exigat
909 3280 947 3321 an
971 3261 1132 3343 coniugem
1162 3281 1270 3322 somno

204 3353 325 3415 suscitet
340 3353 419 3415 etad
433 3352 534 3436 fugam
550 3354 731 3431 exhortetur,
743 3367 788 3415 ter
802 3367 949 3416 tremente
964 3374 1054 3416 manu
1069 3374 1172 3415 ensem
1185 3355 1271 3437 erigit

202 3458 232 3507 et
245 3447 301 3507 viri
316 3446 420 3529 iugulo
439 3448 588 3522 admovet,
610 3460 654 3509 ter
671 3447 772 3520 abicit,
791 3448 972 3531 tandemque
986 3448 1095 3509 timore
1114 3460 1144 3510 et
1162 3448 1270 3530 pietate

203 3554 365 3617 commota,
383 3540 483 3603 sinum
503 3540 685 3626 capillosque
703 3540 830 3617 lanians,
851 3541 938 3603 illum
954 3541 1211 3625 [expergefactum
1238 3555 1272 3603 ut

203 3633 308 3717 fugiat,
324 3634 461 3717 impellit.
481 3636 618 3719 Denique
633 3655 670 3696 ne
686 3636 718 3696 in
737 3634 859 3717 longius
879 3636 1066 3717 protrahatur
1079 3636 1153 3697 haec
1167 3635 1270 3717 dispu-

203 3728 324 3789 tationis
336 3748 412 3810 pars,
431 3728 637 3805 exaestuantis,
654 3728 794 3790 minantis
807 3742 837 3789 et
852 3728 978 3790 furentis
993 3730 1122 3811 pectoris
1135 3729 1269 3790 vividum

204 3820 235 3882 in
248 3822 413 3883 Hermione
426 3820 576 3905 exemplar
589 3836 677 3905 poeta
691 3823 860 3905 proposuit,
874 3824 955 3899 Vlll,
975 3837 1010 3900 57
1026 3844 1034 3884 τ

345 3956 476 4029 Rumpor,
490 3930 577 4011 et'ora
588 3957 655 4011 mihi
669 3957 766 4029 pariter
780 3974 843 4011 curn
853 3970 943 4037 mente
957 3968 1118 4025 tumescunt,

275 4080 281 4086 -
348 4041 511 4114 Pectoraque
522 4040 633 4109 inclusis
644 4042 751 4115 ignibus
766 4054 825 4097 usta
833 4041 938 4101 dolent.
1008 4102 1011 4105 ,
1171 4035 1176 4042 ’
