3159 5017
624 544 665 559 ...
685 529 703 588 4
707 528 720 589 5
744 543 787 559 ...-

174 641 307 707 bracchia
331 664 384 707 sua
409 643 467 707 iam
491 654 666 727 permotus
690 642 825 707 assiduos
855 642 1027 727 languentia
1051 639 1238 727 putidissime

175 738 316 827 increpet,
339 740 419 820 163:

366 860 417 916 His
431 875 482 933 ego
495 877 556 916 cum
574 859 627 915 dixi
642 880 656 913 <r
670 860 789 915 Pretium
799 876 856 915 non
869 857 924 914 vile
937 857 1045 926 laboris,

366 946 423 1001 Iam
436 946 560 1001 dominae
574 946 649 1001 vobis
656 940 724 1001 colla
735 944 851 1001 tenenda
870 945 948 1013 dabo,
966 965 981 996 s

369 1031 494 1087 Protinus
508 1032 656 1100 illavalent
672 1045 723 1090 etc.

214 1146 354 1209 Ceterum
369 1147 458 1230 digna
475 1161 519 1209 est
533 1151 614 1210 Hero
626 1168 702 1231 quae
719 1159 779 1209 tam
794 1146 958 1209 affectatam
971 1144 1139 1207 orationem
1154 1142 1240 1205 intel·

175 1238 265 1323 legat,
286 1260 356 1302 cum
374 1242 452 1323 ipsa,
481 1262 618 1303 maerens
639 1241 720 1325 quod
746 1255 868 1324 propter
887 1239 1071 1323 tempestatis
1089 1238 1241 1301 saevitiam

175 1347 288 1395 amator
301 1331 532 1417 Hellespontum
544 1336 664 1397 traicere
680 1349 819 1418 nequeat,
836 1333 987 1395 dimidiam
1002 1332 1110 1393 laboris
1127 1345 1240 1415 partem

174 1426 228 1488 sibi
239 1448 389 1489 assumere
412 1449 510 1511 prono
530 1430 632 1491 animo
654 1428 727 1491 velit
745 1442 774 1492 et
789 1427 985 1511 [rigidissimis
1001 1424 1099 1487 verbis
1117 1426 1239 1501 ferveat,

174 1522 258 1597 XIX,
278 1523 356 1599 167:
388 1589 391 1596 ,

367 1641 404 1697 At
417 1658 467 1697 nos
481 1642 576 1697 diversi
591 1642 712 1697 medium
727 1658 854 1698 coeamus
872 1642 900 1696 in
919 1657 1029 1714 aequor,

367 1726 511 1807 Obviaque
525 1727 553 1782 in
568 1728 681 1783 summis
696 1726 787 1782 oscula
802 1726 902 1800 demus*
912 1726 1021 1801 aquisn.

213 1836 254 1899 Ea
266 1856 386 1921 prorsus
403 1853 447 1900 est
462 1840 617 1914 sententia,
632 1853 665 1900 ut
679 1839 760 1922 quod
777 1838 871 1921 magis
891 1838 929 1899 sit
943 1837 1104 1920 pigmentis
1121 1836 1240 1899 simula-

174 1944 238 1992 tum
252 1932 302 1992 vix
318 1932 444 1993 inveniri
458 1932 563 2015 possit.
954 1938 956 1943 ’

213 2026 256 2085 Ex
280 2026 333 2087 ista
353 2026 455 2107 putida
475 2038 701 2088 extenuatorum
730 2046 872 2086 sensuum
900 2024 1092 2086 contentione
1108 2024 1243 2085 oriuntur

174 2118 294 2200 plurimi
305 2118 466 2181 verborum
480 2119 574 2195 lusus,
591 2118 697 2202 quibus
709 2119 818 2201 gaudet
830 2121 921 2180 Nas0.
934 2117 1101 2181 Offendunt
1112 2118 1241 2200 primum

175 2212 255 2297 nulla
268 2231 366 2274 rerum
383 2214 523 2295 gravitate
539 2227 693 2296 usurpatae
709 2212 925 2274 vocabulorum
936 2226 966 2272 et
979 2211 1145 2274 dictionum
1157 2211 1243 2271 itera·

174 2298 282 2382 tiones,
298 2324 374 2389 quae
391 2306 445 2367 sibi
459 2306 653 2389 respondent.
674 2309 707 2368 ln
722 2307 769 2367 his
789 2305 978 2389 opponendis
993 2305 1136 2366 eximium
1154 2324 1242 2386 saepe

175 2418 205 2459 se
231 2413 357 2481 praestat
378 2413 477 2482 poeta,
501 2419 598 2484 neque
617 2399 691 2461 illud
715 2398 872 2460 artificium
892 2398 1039 2481 displicet,
1069 2398 1094 2460 si
1122 2397 1242 2481 quando

175 2512 247 2553 sano
260 2492 371 2555 iudicio
388 2492 553 2556 adhibetur.
572 2496 615 2555 Ita
630 2513 698 2555 cum
710 2495 740 2554 vi
758 2513 865 2575 magna
880 2492 1016 2575 Cydippe
1030 2492 1112 2576 queri
1125 2490 1243 2553 videtur

175 2586 255 2669 quod
268 2587 361 2648 Diana
379 2588 406 2648 ei
420 2586 559 2663 infestam
575 2608 605 2648 se
619 2586 766 2669 praebeat,
790 2588 875 2662 XXI,
893 2605 926 2665 13
943 2608 950 2647 ε

417 2710 454 2763 At
468 2708 565 2764 melius
579 2709 653 2781 virgo
668 2707 774 2763 favisset
785 2706 897 2780 virginis
910 2705 1003 2771 annis;

176 2818 218 2878 lta
234 2832 264 2879 et
284 2822 518 2901 Hypermnestra
535 2820 633 2901 gentis
651 2838 721 2880 suae
737 2812 905 2880 ¹infortunia
918 2817 1014 2899 gravis
1033 2814 1116 2878 verbi
1135 2815 1240 2898 repeti·

174 2911 254 2973 tione
267 2914 415 2997 exprimit,
429 2914 511 2987 XIV,
529 2932 585 2988 114
600 2936 607 2975 :

388 3013 460 3088 Cum
475 3050 538 3087 sene
550 3048 599 3088 nos
614 3033 689 3105 inopi
709 3032 785 3087 turba
799 3048 927 3106 vagamur
937 3031 1029 3104 inops;
1129 3022 1132 3025 ⁴

176 3157 204 3207 et
215 3144 387 3205 vehementi
401 3144 507 3205 affectu
523 3144 607 3206 iterat
622 3144 756 3226 Sappho,
770 3145 837 3221 XV,
858 3158 891 3219 17
910 3164 917 3204 :

368 3243 441 3319 Vilis
449 3265 603 3332 Anactorie,
619 3264 679 3319 vilis
690 3265 757 3319 mihi
771 3264 884 3319 candida
898 3263 1006 3337 Cydro;

177 3388 204 3441 et
216 3375 355 3437 acerrime
369 3396 399 3437 se
413 3376 558 3437 desertam
571 3378 603 3436 in
617 3376 704 3437 litore
717 3376 848 3459 queritur
861 3374 1000 3449 Ariadne,
1013 3375 1053 3449 X,
1073 3388 1108 3448 17
1124 3394 1130 3433 :

368 3500 445 3556 Luna
459 3501 509 3556 fuit
526 3520 532 3557 ε
548 3514 638 3573 specto
651 3502 672 3555 si
685 3500 748 3573 quid
760 3500 810 3553 nisi
825 3499 902 3555 litora
916 3516 1039 3573 cernam3

369 3586 454 3650 Quod
467 3586 574 3642 videant
585 3585 666 3653 oculi,
684 3585 723 3639 nil
741 3586 794 3640 nisi
806 3584 869 3639 litus
883 3584 992 3639 habent.

217 3695 275 3757 Sed
296 3716 364 3757 cum
384 3697 439 3758 isto
458 3697 582 3758 artificio
601 3696 737 3779 cupidius
756 3708 854 3757 utatur
873 3695 1012 3769 Ovidius,
1032 3711 1118 3776 saepe
1137 3691 1240 3751 inanes

177 3788 335 3850 verborum
347 3789 517 3852 iterationes
532 3790 748 3874 deprehendes,
764 3790 847 3866 Xlll,
862 3803 913 3865 74¹
930 3811 937 3851 τ

209 3966 230 3999 1.
248 3951 277 3997 In
300 3950 357 3998 edit.
381 3950 501 4011 Merkelii;
528 3966 584 3999 nam
604 3950 739 4015 Sedlmayer
760 3946 826 3997 hunc
844 3964 940 3998 versum
960 3958 983 3996 et
1007 3955 1144 4011 sequentem
1164 3944 1238 3991 reicit.

177 4024 214 4073 Cf.
229 4025 389 4089 Eschenburg,
404 4027 520 4075 Metriscbe
541 4027 735 4090 Ualersocbungcn
750 4025 803 4074 iiber
818 4025 854 4073 dit
879 4025 981 4075 Echtteir
993 4023 1032 4071 der
1045 4022 1102 4072 Her.
1118 4019 1155 4068 des
1171 4017 1238 4067 ovid.

176 4100 257 4165 Progr.
269 4099 373 4161 Lubeck,
388 4101 457 4166 1874,
468 4116 489 4152 c.
503 4101 547 4162 tv,
557 4117 581 4167 p.
596 4116 607 4151 1
621 4111 644 4151 et
655 4114 680 4151 a.
1282 4093 1293 4115 ⁸
