3159 5017
674 530 833 604 ..89-

223 662 305 723 tione
320 663 409 744 igitur
424 675 453 722 et
467 662 498 721 in
519 660 618 742 plures
638 660 740 736 libros,
761 661 784 720 si
803 658 902 735 libeat,
922 659 995 718 haec
1014 656 1143 717 carmina
1160 656 1290 717 dividere

223 756 331 837 possis,
359 756 500 838 quoniam
527 755 556 813 in
592 754 772 835 gravissimis
806 752 869 813 aliis
901 750 1052 811 codicibus
1082 749 1156 809 liber
1187 750 1290 809 tertius

224 868 343 932 quoque
358 861 387 908 et
402 861 533 929 quartus,
548 848 667 929 quintus
678 861 836 928 sextusque
848 845 970 905 diversis
983 842 1149 904 Heroidum
1158 843 1290 925 partibus

222 962 276 1023 pro
296 939 381 1001 titulo
403 954 476 1001 est1.
503 939 735 1001 Scholiastarum
758 939 832 999 haec
854 937 1038 998 consuetudo
1053 936 1289 1017 frequentissima

222 1048 276 1110 est,
293 1048 326 1095 ut
344 1033 515 1094 huiusmodi
537 1034 743 1115 inscriptiones
762 1046 896 1092 veterum
910 1031 1056 1113 poematis
1071 1028 1243 1111 praeficiant
1261 1043 1290 1092 et

222 1129 306 1210 epica
321 1128 488 1209 tragicaque
510 1128 651 1202 carmina,
675 1147 735 1186 non
757 1128 856 1186 minus
877 1145 967 1207 quam
987 1124 1126 1206 elegiaca,
1149 1124 1180 1183 in
1199 1124 1290 1184 libros

221 1236 271 1283 aut
286 1235 366 1281 actus
378 1220 561 1282 distribuant.
580 1221 719 1281 Ceterum
735 1219 850 1280 nullum
862 1220 950 1279 huius
965 1218 1118 1278 divisionis
1132 1218 1288 1299 vestigium

221 1316 252 1374 in
269 1315 488 1375 Ovidianorum
504 1314 642 1375 codicum
655 1314 837 1395 gravissimis
852 1327 882 1373 et
895 1312 1031 1394 plurimis
1046 1325 1177 1394 apparet.

261 1406 421 1483 Ultimum,
445 1421 477 1467 ut
495 1407 616 1490 quidam
637 1421 776 1467 censeant
793 1427 844 1467 sex
866 1405 928 1466 illas
947 1404 1122 1487 quadrantes
1146 1405 1290 1465 Heroides

221 1514 289 1582 post
303 1500 474 1582 quindecim
489 1502 603 1581 priores
619 1502 800 1582 compositas
820 1520 896 1575 esse,
912 1513 1120 1580 argumentum
1140 1511 1194 1573 est,
1208 1498 1290 1579 quod

221 1594 309 1675 longe
332 1594 492 1653 deteriores
512 1595 580 1670 sint,
603 1608 689 1675 atque
706 1595 797 1654 nimia
812 1593 987 1675 loquacitate
1001 1606 1030 1653 et
1048 1593 1174 1652 omnino
1192 1593 1288 1652 omni·

221 1686 275 1746 bus
296 1688 374 1747 vitiis
396 1686 530 1747 laborent
549 1686 655 1769 quibus
675 1687 803 1749 Ovidius
825 1686 902 1747 virili
925 1699 1017 1747 aetate
1040 1706 1070 1745 se
1093 1686 1287 1746 contaminari

221 1801 323 1861 passus
336 1782 382 1840 sit.
400 1781 546 1862 Equidem
566 1782 671 1841 harum
691 1780 803 1842 nullam
817 1781 994 1840 deteriorem
1011 1779 1159 1861 prioribus
1176 1779 1286 1839 haben·

222 1873 288 1933 dam
304 1894 378 1949 esse,
395 1888 427 1934 ut
443 1894 529 1955 supra
545 1875 614 1950 dixi,
633 1875 780 1949 existimo,
798 1894 895 1956 neque
908 1875 984 1934 inter
997 1873 1092 1934 virilia
1104 1887 1133 1933 et
1147 1872 1287 1933 iuvenilia

222 1968 351 2027 carmina
371 1968 541 2042 discrimen,
565 1969 645 2051 quod
665 1969 700 2028 ad
721 1968 852 2049 poeticas
868 1966 968 2028 laudes
986 1968 1124 2048 pertinet,
1144 1987 1287 2047 magnum

222 2061 354 2120 invenio.
381 2062 674 2143 Loquacitas'enim,
701 2063 855 2122 rhetorum
879 2062 1041 2142 pigmenta,
1075 2062 1201 2121 nimium
1230 2060 1284 2119 sibi

223 2153 402 2234 indulgentis
424 2167 529 2236 poetae
551 2154 631 2229 vitia,
653 2155 886 2235 descriptionum
906 2154 1166 2234 narrationumque
1188 2154 1285 2234 copia,

221 2245 387 2307 fabularum
416 2261 444 2307 et
470 2249 649 2329 antiquitatis
675 2247 800 2322 luxuria,
830 2248 973 2307 orationis
994 2246 1121 2329 denique
1144 2246 1287 2306 subtilitas

224 2338 407 2422 luminaque,
425 2355 453 2401 et
468 2342 497 2399 in
516 2341 664 2423 prioribus
679 2342 766 2401 huius
784 2340 963 2401 carminibus
975 2341 1049 2400 etin
1066 2340 1101 2399 iis
1120 2360 1195 2421 quae
1212 2339 1288 2399 virili

222 2446 314 2493 aetate
334 2435 459 2516 scripsit,
482 2454 574 2517 aeque
590 2435 782 2495 animadverti
797 2448 940 2515 possunt;
957 2447 1025 2493 sunt
1044 2434 1132 2494 etiam
1146 2434 1289 2517 quaedam

223 2546 324 2607 opera,
342 2529 417 2588 sicut
432 2528 507 2588 Fasti
523 2541 551 2588 et
566 2529 837 2610 Metamorphoses,
853 2548 928 2609 quae
944 2541 973 2588 et
987 2527 1134 2608 prioribus
1149 2541 1177 2588 et
1192 2542 1289 2609 poste·

223 2620 350 2680 rioribus
368 2622 509 2702 gravitate
531 2635 617 2704 atque
633 2623 814 2682 inventionis
834 2621 920 2681 laude
935 2634 1082 2702 praestare
1097 2622 1212 2702 optimo
1225 2622 1288 2681 iure

222 2733 352 2773 censeas.
372 2714 450 2775 Tum
465 2716 495 2774 in
513 2716 683 2797 quindecim
696 2715 752 2775 illis
768 2714 902 2797 epistulis
916 2728 945 2774 et
964 2715 994 2773 in
1007 2735 1058 2773 sex
1072 2714 1202 2797 reliquis,
1221 2735 1287 2775 nec·

223 2827 283 2866 non
314 2808 344 2866 in
370 2810 473 2868 ceteris
500 2810 628 2869 Nasonis
655 2809 844 2879 carminibus,
871 2808 992 2869 eaedem
1013 2809 1135 2868 virtutes
1161 2810 1284 2884 enitent,

222 2920 400 2982 prorsusque
416 2920 451 2961 ex
466 2902 572 2962 eodem
588 2903 709 2983 ingen-io
723 2902 843 2963 fluxisse
858 2901 959 2961 omnia
977 2901 1117 2962 iuvenilia
1130 2902 1285 2985 viriliaque

222 2992 368 3053 videntur.
387 2996 540 3065 Quoniam
556 2995 644 3076 igitur
659 2995 773 3056 nullum
789 3016 805 3055 a
818 2996 912 3055 doctis
927 2994 996 3053 viris
1009 2993 1044 3054 ad
1053 2993 1284 3055 labefactandam

221 3086 297 3145 hanc
312 3088 487 3167 opinionem
507 3102 714 3169 argumentum
732 3088 853 3149 allatum
873 3101 916 3147 est
939 3108 994 3147 nec
1011 3086 1135 3149 fortasse
1154 3089 1285 3170 indagari

221 3180 327 3259 potuit,
358 3200 463 3240 omnes
492 3182 656 3242 Heroidum
685 3182 823 3263 epistulas
852 3181 887 3241 ab
912 3181 1023 3242 Ovidio
1050 3183 1231 3264 conscriptas
1257 3198 1286 3243 et

221 3272 327 3333 eodem
347 3274 482 3354 tempore
507 3275 598 3335 editas
622 3295 685 3335 esse
709 3274 810 3335 malim
835 3274 1025 3335 contendere.
1052 3277 1088 3334 Et
1116 3276 1140 3334 si
1162 3278 1209 3336 cui
1231 3276 1287 3337 alia

221 3366 327 3446 opinio
349 3366 533 3447 probabilior
560 3369 707 3443 videtur2,
738 3389 803 3428 eam
828 3368 949 3451 quidem
972 3368 1146 3449 impugnare
1168 3390 1229 3430 non
1256 3372 1287 3431 in

221 3460 321 3519 animo
337 3459 424 3519 nobis
438 3459 504 3534 fuit,
518 3461 682 3522 dummodo
694 3463 872 3522 concedatur
883 3460 1063 3542 posteriores
1078 3461 1215 3523 heroides
1226 3485 1287 3524 non

221 3551 378 3612 dissimiles
393 3552 453 3613 fere
469 3553 619 3635 prioribus
634 3576 710 3629 esse,
727 3556 821 3616 immo
836 3554 1003 3635 argumenti
1019 3568 1133 3630 tenore,
1148 3559 1289 3619 narratio·

221 3666 294 3706 num
315 3648 454 3728 aucupi0,
481 3648 628 3708 scribendi
651 3663 722 3723 arte,
751 3650 880 3730 denique
910 3645 1104 3707 sollemnibus
1132 3651 1288 3711 virtutibus

219 3740 359 3821 vitiisque
375 3740 523 3802 Ovidiana
536 3755 606 3802 nota
619 3743 757 3824 signatas.

253 3953 274 3985 r.
293 3938 330 3985 Ci.
344 3940 487 4003 Sedlmayer,
501 3942 597 4003 Proleg.,
610 3958 633 4005 p.
647 3958 675 4001 11,
688 3959 710 4006 p.
729 3958 779 4003 ¹03.

253 4028 275 4060 ι.
294 4013 332 4063 Cf.
344 4030 411 4079 supra
421 4032 441 4065 c.
459 4017 468 4062 l
480 4032 539 4081 quae
549 4018 645 4080 protulit
655 4018 677 4080 J.
693 4020 813 4067 Heuvves.
