3159 5017
799 481 959 558 ..73-

506 613 572 667 Inde
584 612 679 686 chelyn
694 612 815 680 Phoebo,
828 616 985 669 communia
999 632 1120 682 munera,
1136 632 1245 687 ponam,

507 698 539 751 Et
549 698 598 753 sub
612 715 643 753 ea
654 715 744 753 versus
758 716 828 753 unus
841 711 869 753 et
880 699 947 753 alter
961 700 1008 755 erit
1023 718 1029 753 ε

506 782 587 837 Grata
602 782 687 855 lyram
700 785 777 855 posui
790 784 847 851 tibi,
861 783 979 850 Phoebe,
993 785 1093 855 poetria
1107 784 1231 856 Sappho;

505 866 639 921 Convenit
650 866 695 921 illa
709 868 786 935 mihi,
799 870 924 923 convenit
937 868 982 923 illa
995 869 1052 923 tibi.

386 992 450 1072 Ego
461 990 592 1072 quidem,
605 992 676 1073 quid
685 990 739 1051 sibi
748 990 841 1053 velint
849 992 956 1052 infensi
964 993 1076 1053 Ovidio
1086 993 1281 1074 grammatici,
1291 994 1391 1052 nescio
1398 1015 1406 1068 ;

345 1083 440 1144 fateor
453 1098 552 1145 tamen
568 1084 772 1145 testimonium
788 1084 860 1145 illud
874 1087 1038 1167 gravissimi
1053 1087 1200 1147 momenti
1212 1086 1286 1145 mihi
1302 1086 1406 1161 videri,

344 1178 418 1239 adeo
439 1192 471 1239 ut
487 1178 644 1259 epistulam
661 1199 781 1260 prorsus
798 1200 877 1255 earn,
894 1181 950 1240 nisi
967 1178 1044 1240 forte
1061 1193 1235 1261 argumenta
1251 1178 1409 1239 clarissima

344 1286 372 1332 et
393 1270 480 1331 rebus
499 1270 614 1332 firmata
631 1286 733 1333 contra
751 1272 829 1333 hanc
846 1274 1022 1354 opinionem
1041 1272 1210 1347 afferantur,
1228 1273 1408 1335 Ovidianam

343 1384 406 1424 esse
419 1385 516 1446 prono
528 1366 629 1425 animo
645 1384 795 1427 censeam.

384 1460 480 1519 lmnto
497 1460 519 1518 si
535 1460 601 1540 quis
616 1460 674 1519 hoc
692 1479 802 1541 poema
822 1460 933 1520 intenta
952 1474 1052 1520 mente
1071 1459 1240 1541 perlegerit,
1260 1473 1364 1520 notum
1379 1474 1408 1519 et

342 1554 430 1613 huius
448 1565 555 1634 poetae
574 1554 729 1634 proprium
746 1553 879 1614 colorem
898 1568 1054 1635 agnoscet,
1078 1554 1139 1613 sive
1160 1554 1251 1614 totius
1270 1553 1407 1613 carminis

342 1647 505 1722 materiam,
534 1666 649 1722 sensus,
682 1646 804 1707 affectus
827 1647 1039 1729 doctrinaeque
1065 1647 1207 1723 studium,
1230 1647 1291 1706 sive
1317 1648 1406 1707 etiam

342 1760 440 1799 rerum
469 1740 695 1820 dispositionem
728 1754 757 1800 et
791 1741 935 1801 orationis
967 1740 1102 1801 habiturn
1132 1740 1302 1821 inspexerit.
1330 1741 1406 1799 Nam

342 1834 525 1894 Ovidianum
546 1847 624 1893 cene
644 1848 688 1894 est
707 1835 794 1915 epist.
813 1835 1005 1916 principium,
1024 1836 1132 1916 inquo
1151 1834 1265 1916 quaerit
1285 1833 1406 1914 Sappho

342 1948 389 2001 an,
406 1941 521 2008 aspecta
535 1926 640 2001 littera,
661 1928 758 1988 statim
781 1928 884 1988 Phaon
902 1942 1053 1989 auctorem
1065 1929 1230 2011 agnoverit,
1251 1947 1310 2001 1·4.
1326 1927 1406 1987 Turn

341 2020 461 2081 absente
477 2020 540 2094 illo,
554 2020 687 2102 depingit
699 2040 787 2102 quarn
800 2020 914 2082 lervido
928 2040 1028 2083 amore
1036 2022 1099 2103 ipsa
1111 2036 1222 2095 uratur,
1237 2040 1291 2079 nec
1303 2021 1405 2080 carmi·

341 2113 428 2174 nibus
444 2133 498 2173 nec
516 2112 691 2173 Lesbiadum
708 2134 776 2174 cura
790 2134 806 2173 a
821 2113 923 2175 dolore
935 2113 1088 2189 abstracta,
1104 2133 1187 2187 4·20.
1205 2116 1293 2173 Hunc
1305 2112 1405 2173 locum

340 2209 497 2289 praecipue
514 2207 633 2289 quidam
652 2209 901 2289 impugnaverunt
920 2209 1002 2290 quod
1020 2209 1143 2268 crimine
1157 2208 1236 2288 turpi
1256 2208 1406 2266 incusetur

339 2303 471 2383 poetria;
484 2316 513 2361 at
527 2303 661 2382 quamvis
676 2315 738 2361 tota
753 2301 803 2361 illa
814 2303 981 2362 criminatio
993 2301 1155 2362 videatura
1173 2301 1294 2361 comicis
1308 2301 1404 2380 poetis

339 2393 466 2455 conficta
481 2408 510 2454 et
526 2394 644 2475 vulgata
664 2414 739 2471 esse,
759 2396 875 2475 saepius
889 2415 906 2455 a
924 2397 1048 2456 vetustis
1069 2393 1259 2476 scriptoribus
1272 2394 1404 2474 turpissi-

339 2508 404 2549 mae
418 2489 506 2548 huius
519 2508 586 2548 cum
600 2487 705 2569 puellis
720 2489 943 2549 consuetudinis
956 2502 1090 2549 accusata
1102 2502 1146 2549 est
1160 2487 1208 2548 illa
1223 2501 1251 2547 et
1267 2488 1298 2546 in
1312 2487 1403 2568 ipsius

339 2584 426 2643 etiam
439 2582 610 2663 fragmentis
623 2581 724 2641 crebra
742 2585 886 2664 reperitur
898 2584 1059 2643 amicarum
1076 2582 1191 2642 mentio
1207 2594 1235 2641 et
1250 2580 1286 2640 de
1298 2581 1402 2640 iisdem

338 2675 492 2758 querelae;
523 2676 611 2755 igitur
636 2676 697 2735 sive
728 2676 893 2737 doctrinam
929 2678 990 2736 sive
1017 2695 1158 2736 sensuum
1189 2689 1218 2734 et
1243 2672 1402 2734 affectuum

339 2785 473 2831 naturam
487 2767 655 2844 considem,
676 2770 842 2830 Ouidianus
853 2788 972 2851 prorsus
984 2790 1048 2828 esse
1058 2768 1141 2829 locus
1153 2768 1279 2828 videtur.
1296 2767 1400 2848 Neque

338 2864 488 2945 indignior
504 2863 624 2921 Nasone
637 2882 774 2944 sequens,
794 2880 897 2940 20-57,
915 2863 1073 2944 descriptio
1088 2876 1142 2934 est,
1159 2881 1234 2943 quae
1255 2860 1290 2921 ad
1304 2862 1401 2920 Vene-

338 2977 401 3017 rem
417 2970 527 3038 spectat
545 2955 788 3038 cupidioremque
808 2957 896 3016 huius
915 2958 1053 3017 materiae
1071 2969 1192 3037 poetam
1213 2967 1339 3036 praestat
1349 2975 1357 3028 ;
1373 2966 1401 3012 et

338 3070 406 3109 cum
422 3051 552 3110 carmina
564 3050 694 3131 poetriae
707 3068 740 3109 ac
755 3064 857 3109 cantus
869 3050 1070 3123 aestimantur,
1086 3050 1140 3108 ista
1151 3046 1232 3107 velut
1248 3048 1401 3107 Musarum

337 3142 465 3203 laudatio
477 3145 507 3203 in
519 3144 724 3203 studiosissimi
733 3144 826 3203 nostri
833 3144 907 3202 vatis
915 3163 966 3203 ore
977 3141 1052 3202 bene
1062 3142 1173 3222 strepit.
1183 3143 1400 3222 Argumentum

336 3236 506 3318 frequenter
520 3236 556 3297 ab
570 3238 628 3297 hoc
641 3248 813 3317 usurpatum
828 3237 1028 3317 agnoscimus,
1046 3255 1114 3295 cum
1128 3235 1267 3314 deinceps
1280 3234 1400 3315 Sappho

335 3328 372 3389 de
387 3330 507 3391 acerbae
519 3331 655 3391 fortunae
668 3344 771 3390 tenore
785 3331 928 3411 queritur,
945 3346 1045 3407 5971,
1062 3342 1091 3388 et
1103 3329 1229 3389 vestium
1245 3325 1357 3387 cultum
1370 3346 1400 3386 se

335 3423 366 3482 in
386 3424 489 3484 dolore
508 3423 663 3505 neglegere
684 3423 820 3499 declarat,
842 3424 944 3498 72-84.
961 3423 1040 3482 Tum
1058 3423 1089 3481 in
1104 3420 1250 3481 laudanda
1271 3421 1399 3480 Phaonis

334 3516 430 3577 forma
449 3520 549 3578 nescio
574 3518 645 3601 quid
661 3516 786 3598 lyricum
808 3530 893 3577 sonat
915 3515 1050 3596 epistula,
1072 3516 1194 3590 85-106,
1220 3528 1248 3574 et
1269 3512 1399 3573 desertae

335 3611 427 3691 ipsius
449 3612 586 3693 Sapphus
608 3630 735 3687 maeror,
762 3611 893 3671 nuntiata
910 3610 1048 3670 amatoris
1067 3607 1263 3690 profectione,
1286 3608 1398 3688 aptissi-

334 3705 390 3763 mis
413 3704 510 3765 verbis
534 3702 718 3780 describitur,
743 3720 882 3778 107·120.
905 3706 965 3763 lam
984 3704 1122 3784 quotiens
1148 3703 1178 3760 in
1199 3701 1246 3760 his
1266 3699 1398 3782 epistulis

333 3796 457 3858 feminas
477 3799 612 3858 audimus
632 3799 746 3857 somnia
760 3797 917 3877 somnique
934 3797 1039 3877 gaudia
1061 3796 1195 3877 cupidius
1213 3813 1397 3855 commemo-

335 3905 443 3967 rantes,
463 3910 603 3970 120·134,
620 3905 648 3951 et
662 3892 776 3951 dierum
789 3890 903 3950 fastidia
914 3888 1111 3949 describentes
1121 3909 1189 3949 cum
1202 3887 1355 3947 absentem
1367 3888 1395 3945 in

334 3985 411 4045 notis
437 3984 510 4045 locis
535 3986 657 4045 audiunt
687 3986 860 4065 videntque,
887 3985 1029 4062 135·156!
1058 3982 1173 4042 Deinde
1202 3980 1294 4041 fontis
1323 3980 1395 4041 sacri
