3159 5017
769 455 929 527 ..56-

359 587 437 647 lnde,
450 585 484 647 fit
504 598 535 645 ut
552 584 735 665 splendidius
755 586 869 646 eluceat
890 586 993 647 Ovidii
1012 586 1119 659 orati0,
1140 606 1213 668 quae
1232 599 1382 666 praeterea

317 678 457 740 omnibus
471 678 531 739 fere
545 678 662 739 dicendi
673 677 830 739 virtutibus
844 692 982 739 exornata
994 692 1023 738 et
1036 679 1221 739 nitidissimis
1231 678 1381 760 leporibus

317 792 469 855 perspersa
484 786 545 832 tota
554 785 608 831 est.
621 773 740 833 Eminet
754 772 900 853 imprimis
912 772 1059 831 uberrima
1067 772 1116 832 illa
1129 772 1311 853 imaginandi
1323 773 1379 847 vis,

318 886 375 948 qua
386 865 572 929 felicissimae
584 864 788 925 translationes
799 865 1083 925 orationishabitum
1098 863 1231 925 colorant
1243 880 1272 925 et
1281 866 1381 925 vivido

318 960 496 1041 poeticoque
522 957 681 1039 splendore
707 958 921 1039 descriptiones
949 958 1189 1039 narrationesque
1219 957 1379 1034 illustrant3

319 1073 415 1133 neque
433 1071 504 1112 uero
522 1051 588 1111 illae
609 1052 767 1133 quicquam
785 1050 929 1124 insolens,
945 1066 996 1111 aut
1009 1051 1135 1126 humile,
1152 1052 1247 1111 autin
1263 1050 1382 1133 longius

318 1146 453 1219 ductum,
473 1144 523 1205 sed
538 1144 707 1205 facilitatem
727 1145 900 1226 exquisitam
920 1165 989 1225 prae
1008 1164 1039 1205 se
1053 1144 1166 1218 ferunt,
1181 1157 1215 1204 ut
1228 1164 1262 1204 ea
1277 1144 1382 1205 verbo·

319 1260 385 1299 rum
398 1239 668 1319 sententiarumque
682 1237 798 1298 lumina
811 1259 872 1297 non
887 1237 1017 1299 alienum
1032 1238 1132 1299 locum
1148 1258 1316 1320 usurpasse,
1331 1238 1383 1298 sed

315 1333 349 1392 in
365 1352 455 1395 suum
475 1330 659 1413 immigrasse
677 1332 767 1394 dicas.
786 1330 899 1403 Quales
913 1346 1013 1393 autem
1027 1346 1057 1392 et
1072 1352 1160 1413 quam
1177 1331 1287 1393 multae
1299 1332 1381 1392 efful-

319 1439 407 1507 geant
417 1425 534 1485 dicendi
546 1425 668 1507 figurae,
682 1445 771 1507 quam
787 1424 958 1486 inexhausta
966 1424 1108 1486 similium
1118 1425 1383 1507 exemplorumque

321 1520 417 1599 copia,
434 1518 633 1601 Epistularum
647 1517 731 1578 locus
746 1518 794 1577 vel
807 1518 930 1599 quilibet
946 1538 1024 1578 unus
1039 1518 1174 1579 ostendet
1186 1518 1275 1580 :libet
1284 1532 1383 1578 tamen

321 1633 432 1693 paucos
444 1632 547 1671 versus
562 1632 598 1671 ex
615 1610 664 1672 illa
681 1614 736 1673 XV
750 1612 835 1693 epist.
860 1611 979 1685 referre,
1000 1633 1088 1693 quam
1104 1612 1255 1693 indignam
1273 1612 1384 1673 Ouidio

321 1706 441 1787 quidam
457 1725 518 1765 non
534 1718 612 1765 recte
630 1718 820 1779 censuerunt,
840 1720 965 1783 137·155
985 1729 992 1766 z

409 1867 493 1921 Antra
508 1882 655 1937 nemusque
668 1876 740 1937 peto,
757 1878 886 1937 tanquam
898 1882 994 1920 nemus
1008 1879 1134 1938 antraque
1149 1868 1249 1937 prosint
1265 1886 1272 1920 z

410 1950 524 2005 Conscia
537 1948 637 2003 deliciis
653 1950 698 2003 illa
709 1947 783 2004 fuere
798 1950 874 2003 meis.

408 2034 475 2089 Illuc
488 2034 585 2089 mentis
597 2034 684 2105 inops,
700 2047 823 2106 utquam
837 2033 938 2088 furialis
952 2034 1081 2088 Erichtho

410 2119 532 2191 Impulit,
552 2120 579 2173 in
592 2116 662 2173 collo
674 2118 746 2172 crine
759 2120 862 2173 iacente
876 2118 955 2171 feror.

410 2204 493 2257 Antra
508 2203 599 2257 vident
610 2203 680 2257 oculi
694 2203 786 2257 scabro
801 2201 942 2274 pendentia
956 2201 1024 2266 tofo,

411 2288 488 2351 Quae
501 2288 568 2341 mihi
580 2287 721 2359 Mygdonii
734 2288 874 2341 marmoris
888 2287 969 2341 instar
983 2299 1066 2352 erant,
1082 2300 1133 2342 etc.

363 2440 464 2509 Quam
494 2439 607 2499 ardenti
638 2440 779 2498 orationis
809 2437 910 2499 colore
932 2437 1017 2498 locus
1036 2436 1086 2498 ille
1109 2439 1211 2513 niteat,
1235 2438 1284 2498 vel
1307 2438 1387 2498 rudis

323 2533 479 2594 latinarum
490 2532 703 2613 elegantiarum
714 2532 897 2592 existimator
907 2532 1076 2613 intellegere
1086 2533 1199 2612 possit;
1216 2532 1240 2591 is
1252 2533 1333 2592 enim
1344 2546 1388 2592 est

323 2626 471 2687 luminum
488 2624 640 2707 splendor,
654 2626 777 2685 varietas
791 2638 820 2685 et
835 2624 964 2699 ubertas,
981 2638 1012 2685 ut
1023 2624 1158 2706 singulos
1167 2644 1269 2685 versus
1281 2626 1388 2685 eximia

324 2720 469 2802 quaedam
482 2717 633 2779 translatio
649 2732 698 2778 aut
711 2718 790 2779 aliud
806 2718 923 2778 dicendi
939 2732 1148 2778 ornamentum
1164 2718 1313 2799 insigniat.
1327 2720 1387 2778 lam

324 2814 348 2873 si
366 2812 465 2874 mollis
480 2811 697 2894 perlucensque
711 2825 740 2871 te
751 2811 877 2871 delectat
889 2812 994 2886 oratio,
1011 2832 1069 2893 qua
1082 2831 1128 2871 res
1146 2832 1246 2871 coram
1258 2812 1388 2891 aspicere

324 2921 353 2967 et
366 2907 448 2988 quasi
464 2904 558 2967 oculis
571 2906 679 2965 intueri
692 2904 858 2980 videamur,
877 2924 999 2986 pergere
1015 2904 1095 2979 licet,
1110 2906 1177 2979 XV,
1197 2922 1253 2981 157
1270 2928 1276 2965 :

502 3068 548 3121 Est
562 3067 661 3121 nitidus
675 3066 813 3138 vitreoque
825 3068 909 3139 magis
921 3066 1069 3138 perlucidus
1080 3084 1159 3121 amne

502 3152 572 3205 Fons
584 3168 672 3217 sacer;
689 3151 761 3205 hunc
773 3150 852 3205 multi
868 3169 970 3205 numen
984 3152 1080 3205 habere
1094 3163 1203 3222 putant3

502 3238 593 3301 Quem
606 3253 683 3307 supra
695 3253 784 3289 ramos
799 3236 916 3289 extendit
928 3236 1046 3307 aquatica
1060 3235 1139 3301 lotos,

502 3321 564 3376 Una
576 3336 672 3374 nemus
688 3332 800 3374 :tenero
815 3320 929 3391 caespite
942 3333 1009 3374 terra
1025 3321 1099 3373 viret.

365 3476 440 3555 Ego,
457 3486 602 3555 quantum
615 3472 708 3553 sapio,
726 3472 756 3531 in
769 3472 816 3531 his
829 3470 902 3532 locis
915 3492 983 3533 cum
995 3491 1040 3531 res
1052 3491 1120 3531 uere
1135 3469 1230 3531 oculis
1245 3470 1390 3532 subiectas

325 3587 388 3627 esse
398 3579 427 3627 et
435 3565 556 3627 affectus
567 3565 658 3626 animi
667 3566 774 3626 vividis
785 3584 989 3648 personaeque
999 3564 1232 3626 accommodatis
1241 3563 1390 3625 coloribus

325 3661 498 3742 descriptos,
520 3673 585 3720 tum
602 3660 752 3741 poeticum
771 3660 898 3720 nitorem
915 3679 968 3739 per
986 3678 1093 3719 omnes
1107 3678 1209 3718 versus
1225 3658 1389 3739 dispersum

325 3768 353 3815 et
377 3774 498 3814 suavem
518 3752 629 3828 lucem,
654 3772 712 3835 qua
733 3752 968 3834 descriptionum
993 3752 1172 3811 lineamenta
1195 3751 1388 3825 illustrentur,

325 3847 436 3929 ubique
452 3845 636 3928 praefulgere
651 3844 794 3921 arbitror;
813 3845 941 3926 denique
955 3844 1077 3905 feliciter
1097 3844 1231 3903 locorum
1248 3864 1390 3925 prospec-

325 3954 372 4001 tus
385 3954 413 4001 et
428 3941 519 4003 animi
537 3958 641 4001 sensus
652 3940 690 4001 ita
706 3939 926 4012 consociantur,
942 3951 975 3997 ut
987 3937 1200 4000 recordationis
1213 3948 1241 3999 et
1254 3936 1390 3999 desiderii
