<?xml version="1.0" encoding="UTF-8"?>
<!DOCTYPE html PUBLIC "-//W3C//DTD XHTML 1.0 Transitional//EN"
    "http://www.w3.org/TR/xhtml1/DTD/xhtml1-transitional.dtd">
<html xmlns="http://www.w3.org/1999/xhtml" xml:lang="en" lang="en">
 <head>
  <title>
</title>
<meta http-equiv="Content-Type" content="text/html;charset=utf-8" />
  <meta name='ocr-system' content='tesseract 3.04.00' />
  <meta name='ocr-capabilities' content='ocr_page ocr_carea ocr_par ocr_line ocrx_word'/>
</head>
<body>
  <div class='ocr_page' id='page_1' title='image "./quaestionesadpo00pigoog_0026.png"; bbox 0 0 3159 5017; ppageno 0'>
   <div class='ocr_carea' id='block_1_1' title="bbox 766 482 926 539">
    <p class='ocr_par' dir='ltr' id='par_1_1' title="bbox 766 482 926 539">
     <span class='ocr_line' id='line_1_1' title="bbox 766 482 926 539; baseline 0 -30"><span class='ocrx_word' id='word_1_1' title='bbox 766 482 926 539; x_wconf 38' lang='lat'>*14-</span> 
     </span>
    </p>
   </div>
   <div class='ocr_carea' id='block_1_2' title="bbox 282 594 1388 3773">
    <p class='ocr_par' dir='ltr' id='par_1_2' title="bbox 282 594 1386 3021">
     <span class='ocr_line' id='line_1_2' title="bbox 317 594 1380 681; baseline -0.004 -22"><span class='ocrx_word' id='word_1_2' title='bbox 317 596 405 659; x_wconf 89' lang='lat' dir='ltr'>etiam</span> <span class='ocrx_word' id='word_1_3' title='bbox 425 596 597 658; x_wconf 82' lang='lat' dir='ltr'>vehementi</span> <span class='ocrx_word' id='word_1_4' title='bbox 619 595 732 681; x_wconf 89' lang='lat' dir='ltr'>impetu</span> <span class='ocrx_word' id='word_1_5' title='bbox 759 617 862 658; x_wconf 89' lang='lat' dir='ltr'>sensus</span> <span class='ocrx_word' id='word_1_6' title='bbox 887 610 1061 677; x_wconf 90' lang='lat' dir='ltr'>erumpunt,</span> <span class='ocrx_word' id='word_1_7' title='bbox 1082 596 1122 657; x_wconf 88' lang='lat' dir='ltr'>ita</span> <span class='ocrx_word' id='word_1_8' title='bbox 1142 595 1172 657; x_wconf 92' lang='lat' dir='ltr'>in</span> <span class='ocrx_word' id='word_1_9' title='bbox 1200 594 1380 657; x_wconf 90' lang='lat' dir='ltr'>Heroidibus</span> 
     </span>
     <span class='ocr_line' id='line_1_3' title="bbox 317 690 1379 774; baseline -0.003 -22"><span class='ocrx_word' id='word_1_10' title='bbox 317 690 430 774; x_wconf 86' lang='lat' dir='ltr'>puellas</span> <span class='ocrx_word' id='word_1_11' title='bbox 452 690 589 773; x_wconf 86' lang='lat' dir='ltr'>querulas</span> <span class='ocrx_word' id='word_1_12' title='bbox 608 705 638 751; x_wconf 91' lang='lat' dir='ltr'>et</span> <span class='ocrx_word' id='word_1_13' title='bbox 657 690 763 751; x_wconf 91' lang='lat' dir='ltr'>leniter</span> <span class='ocrx_word' id='word_1_14' title='bbox 785 690 968 753; x_wconf 85' lang='lat' dir='ltr'>amatoribus</span> <span class='ocrx_word' id='word_1_15' title='bbox 994 690 1133 751; x_wconf 87' lang='lat' dir='ltr'>molestas</span> <span class='ocrx_word' id='word_1_16' title='bbox 1155 709 1252 751; x_wconf 89' lang='lat' dir='ltr'>moras</span> <span class='ocrx_word' id='word_1_17' title='bbox 1274 708 1379 770; x_wconf 81' lang='lat' dir='ltr'>expro-</span> 
     </span>
     <span class='ocr_line' id='line_1_4' title="bbox 317 782 1378 867; baseline -0.003 -20"><span class='ocrx_word' id='word_1_18' title='bbox 317 784 433 847; x_wconf 90' lang='lat' dir='ltr'>brantes</span> <span class='ocrx_word' id='word_1_19' title='bbox 454 785 598 860; x_wconf 82' lang='lat' dir='ltr'>invenies,</span> <span class='ocrx_word' id='word_1_20' title='bbox 619 798 669 846; x_wconf 88' lang='lat' dir='ltr'>aut</span> <span class='ocrx_word' id='word_1_21' title='bbox 688 786 816 845; x_wconf 85' lang='lat' dir='ltr'>incitato·</span> <span class='ocrx_word' id='word_1_22' title='bbox 830 786 974 845; x_wconf 82' lang='lat' dir='ltr'>animoet</span> <span class='ocrx_word' id='word_1_23' title='bbox 988 784 1104 846; x_wconf 92' lang='lat' dir='ltr'>tumido</span> <span class='ocrx_word' id='word_1_24' title='bbox 1119 804 1170 845; x_wconf 90' lang='lat' dir='ltr'>ore</span> <span class='ocrx_word' id='word_1_25' title='bbox 1182 782 1378 867; x_wconf 87' lang='lat' dir='ltr'>delitigantes.</span> 
     </span>
     <span class='ocr_line' id='line_1_5' title="bbox 317 877 1381 963; baseline -0.003 -24"><span class='ocrx_word' id='word_1_26' title='bbox 317 880 422 963; x_wconf 89' lang='lat' dir='ltr'><strong>Neque</strong></span> <span class='ocrx_word' id='word_1_27' title='bbox 438 878 524 939; x_wconf 90' lang='lat' dir='ltr'>aliter</span> <span class='ocrx_word' id='word_1_28' title='bbox 533 899 563 939; x_wconf 93' lang='lat' dir='ltr'>se</span> <span class='ocrx_word' id='word_1_29' title='bbox 578 899 624 939; x_wconf 92' lang='lat' dir='ltr'>res</span> <span class='ocrx_word' id='word_1_30' title='bbox 636 877 744 939; x_wconf 89' lang='lat' dir='ltr'>habere</span> <span class='ocrx_word' id='word_1_31' title='bbox 759 892 884 959; x_wconf 91' lang='lat' dir='ltr'>poterat,</span> <span class='ocrx_word' id='word_1_32' title='bbox 898 880 1041 962; x_wconf 90' lang='lat' dir='ltr'>quoniam</span> <span class='ocrx_word' id='word_1_33' title='bbox 1055 891 1263 961; x_wconf 81' lang='lat' dir='ltr'>argumentum</span> <span class='ocrx_word' id='word_1_34' title='bbox 1279 877 1381 959; x_wconf 89' lang='lat' dir='ltr'>elegiis</span> 
     </span>
     <span class='ocr_line' id='line_1_6' title="bbox 318 970 1381 1055; baseline -0.002 -22"><span class='ocrx_word' id='word_1_35' title='bbox 318 986 346 1035; x_wconf 89' lang='lat' dir='ltr'>et</span> <span class='ocrx_word' id='word_1_36' title='bbox 360 971 540 1036; x_wconf 90' lang='lat' dir='ltr'>Heroidibus</span> <span class='ocrx_word' id='word_1_37' title='bbox 554 972 635 1034; x_wconf 89' lang='lat' dir='ltr'>idem</span> <span class='ocrx_word' id='word_1_38' title='bbox 649 992 685 1033; x_wconf 82' lang='lat' dir='ltr'>cx</span> <span class='ocrx_word' id='word_1_39' title='bbox 696 972 859 1033; x_wconf 89' lang='lat' dir='ltr'>amantium</span> <span class='ocrx_word' id='word_1_40' title='bbox 871 972 984 1055; x_wconf 89' lang='lat' dir='ltr'>gaudiis</span> <span class='ocrx_word' id='word_1_41' title='bbox 997 986 1026 1033; x_wconf 89' lang='lat' dir='ltr'>et</span> <span class='ocrx_word' id='word_1_42' title='bbox 1037 970 1288 1033; x_wconf 82' lang='lat' dir='ltr'>sollicitudinibus</span> <span class='ocrx_word' id='word_1_43' title='bbox 1300 991 1381 1032; x_wconf 91' lang='lat' dir='ltr'>com-</span> 
     </span>
     <span class='ocr_line' id='line_1_7' title="bbox 318 1064 1379 1150; baseline -0.004 -23"><span class='ocrx_word' id='word_1_44' title='bbox 318 1080 446 1150; x_wconf 89' lang='lat' dir='ltr'>paratur.</span> <span class='ocrx_word' id='word_1_45' title='bbox 468 1066 508 1127; x_wconf 83' lang='lat' dir='ltr'>At</span> <span class='ocrx_word' id='word_1_46' title='bbox 532 1064 649 1147; x_wconf 87' lang='lat' dir='ltr'>poetae,</span> <span class='ocrx_word' id='word_1_47' title='bbox 673 1066 768 1149; x_wconf 89' lang='lat' dir='ltr'>qualis</span> <span class='ocrx_word' id='word_1_48' title='bbox 793 1067 910 1149; x_wconf 87' lang='lat' dir='ltr'>generis</span> <span class='ocrx_word' id='word_1_49' title='bbox 934 1079 1004 1129; x_wconf 89' lang='lat' dir='ltr'>sunt</span> <span class='ocrx_word' id='word_1_50' title='bbox 1018 1064 1168 1143; x_wconf 89' lang='lat' dir='ltr'>Tibullus,</span> <span class='ocrx_word' id='word_1_51' title='bbox 1198 1065 1379 1147; x_wconf 83' lang='lat' dir='ltr'>Propertius,</span> 
     </span>
     <span class='ocr_line' id='line_1_8' title="bbox 282 1158 1381 1243; baseline -0.003 -22"><span class='ocrx_word' id='word_1_52' title='bbox 282 1216 285 1221; x_wconf 90' lang='lat'>.</span> <span class='ocrx_word' id='word_1_53' title='bbox 319 1160 447 1223; x_wconf 85' lang='lat' dir='ltr'>Ovidius</span> <span class='ocrx_word' id='word_1_54' title='bbox 460 1160 524 1241; x_wconf 89' lang='lat' dir='ltr'>ipse</span> <span class='ocrx_word' id='word_1_55' title='bbox 538 1160 568 1219; x_wconf 93' lang='lat' dir='ltr'>in</span> <span class='ocrx_word' id='word_1_56' title='bbox 584 1158 758 1235; x_wconf 87' lang='lat' dir='ltr'>Amoribus,</span> <span class='ocrx_word' id='word_1_57' title='bbox 776 1159 917 1243; x_wconf 84' lang='lat' dir='ltr'>pleraque</span> <span class='ocrx_word' id='word_1_58' title='bbox 937 1180 992 1220; x_wconf 88' lang='lat' dir='ltr'>suo</span> <span class='ocrx_word' id='word_1_59' title='bbox 1023 1159 1147 1221; x_wconf 89' lang='lat' dir='ltr'>nomine</span> <span class='ocrx_word' id='word_1_60' title='bbox 1174 1159 1206 1220; x_wconf 95' lang='lat' dir='ltr'>in</span> <span class='ocrx_word' id='word_1_61' title='bbox 1232 1159 1381 1220; x_wconf 88' lang='lat' dir='ltr'>amatoriis</span> 
     </span>
     <span class='ocr_line' id='line_1_9' title="bbox 318 1252 1381 1336; baseline -0.003 -21"><span class='ocrx_word' id='word_1_62' title='bbox 318 1252 498 1315; x_wconf 88' lang='lat' dir='ltr'>carminibus</span> <span class='ocrx_word' id='word_1_63' title='bbox 518 1267 643 1329; x_wconf 90' lang='lat' dir='ltr'>canunt;</span> <span class='ocrx_word' id='word_1_64' title='bbox 670 1254 719 1315; x_wconf 90' lang='lat' dir='ltr'>hic</span> <span class='ocrx_word' id='word_1_65' title='bbox 749 1268 848 1315; x_wconf 87' lang='lat' dir='ltr'>autem</span> <span class='ocrx_word' id='word_1_66' title='bbox 874 1254 905 1313; x_wconf 92' lang='lat' dir='ltr'>in</span> <span class='ocrx_word' id='word_1_67' title='bbox 934 1252 1075 1335; x_wconf 90' lang='lat' dir='ltr'>Epistulis</span> <span class='ocrx_word' id='word_1_68' title='bbox 1105 1273 1245 1336; x_wconf 85' lang='lat' dir='ltr'>personas</span> <span class='ocrx_word' id='word_1_69' title='bbox 1270 1252 1381 1313; x_wconf 88' lang='lat' dir='ltr'>alienas</span> 
     </span>
     <span class='ocr_line' id='line_1_10' title="bbox 318 1344 1382 1431; baseline -0.001 -23"><span class='ocrx_word' id='word_1_70' title='bbox 318 1345 466 1425; x_wconf 81' lang='lat' dir='ltr'>describit,</span> <span class='ocrx_word' id='word_1_71' title='bbox 486 1367 616 1429; x_wconf 83' lang='lat' dir='ltr'>quaeex</span> <span class='ocrx_word' id='word_1_72' title='bbox 633 1366 687 1407; x_wconf 92' lang='lat' dir='ltr'>suo</span> <span class='ocrx_word' id='word_1_73' title='bbox 709 1366 844 1431; x_wconf 89' lang='lat' dir='ltr'>quaeque</span> <span class='ocrx_word' id='word_1_74' title='bbox 865 1346 1000 1429; x_wconf 90' lang='lat' dir='ltr'>ingenio,</span> <span class='ocrx_word' id='word_1_75' title='bbox 1018 1347 1104 1431; x_wconf 89' lang='lat' dir='ltr'>quale</span> <span class='ocrx_word' id='word_1_76' title='bbox 1121 1367 1156 1408; x_wconf 89' lang='lat' dir='ltr'>ex</span> <span class='ocrx_word' id='word_1_77' title='bbox 1174 1344 1281 1408; x_wconf 82' lang='lat' dir='ltr'>fabulis</span> <span class='ocrx_word' id='word_1_78' title='bbox 1296 1366 1382 1407; x_wconf 89' lang='lat' dir='ltr'>com·</span> 
     </span>
     <span class='ocr_line' id='line_1_11' title="bbox 318 1434 1382 1524; baseline 0 -23"><span class='ocrx_word' id='word_1_79' title='bbox 318 1434 436 1524; x_wconf 90' lang='lat' dir='ltr'>pertum</span> <span class='ocrx_word' id='word_1_80' title='bbox 459 1439 602 1502; x_wconf 86' lang='lat' dir='ltr'>habemus</span> <span class='ocrx_word' id='word_1_81' title='bbox 622 1455 671 1502; x_wconf 91' lang='lat' dir='ltr'>aut</span> <span class='ocrx_word' id='word_1_82' title='bbox 688 1440 744 1501; x_wconf 92' lang='lat' dir='ltr'>sibi</span> <span class='ocrx_word' id='word_1_83' title='bbox 766 1440 851 1502; x_wconf 80' lang='lat' dir='ltr'>fiuxit</span> <span class='ocrx_word' id='word_1_84' title='bbox 871 1455 970 1523; x_wconf 89' lang='lat' dir='ltr'>poeta,</span> <span class='ocrx_word' id='word_1_85' title='bbox 986 1442 1078 1503; x_wconf 91' lang='lat' dir='ltr'>animi</span> <span class='ocrx_word' id='word_1_86' title='bbox 1099 1442 1143 1501; x_wconf 92' lang='lat' dir='ltr'>sui</span> <span class='ocrx_word' id='word_1_87' title='bbox 1166 1454 1265 1502; x_wconf 92' lang='lat' dir='ltr'>motus</span> <span class='ocrx_word' id='word_1_88' title='bbox 1286 1441 1382 1522; x_wconf 86' lang='lat' dir='ltr'>expri-</span> 
     </span>
     <span class='ocr_line' id='line_1_12' title="bbox 319 1534 1383 1617; baseline -0.002 -21"><span class='ocrx_word' id='word_1_89' title='bbox 319 1547 425 1609; x_wconf 84' lang='lat' dir='ltr'>munt3</span> <span class='ocrx_word' id='word_1_90' title='bbox 442 1534 520 1595; x_wconf 92' lang='lat' dir='ltr'>unde</span> <span class='ocrx_word' id='word_1_91' title='bbox 534 1534 584 1595; x_wconf 89' lang='lat' dir='ltr'>illa</span> <span class='ocrx_word' id='word_1_92' title='bbox 596 1535 719 1617; x_wconf 91' lang='lat' dir='ltr'>quidem</span> <span class='ocrx_word' id='word_1_93' title='bbox 733 1549 815 1617; x_wconf 88' lang='lat' dir='ltr'>parte</span> <span class='ocrx_word' id='word_1_94' title='bbox 827 1534 980 1595; x_wconf 85' lang='lat' dir='ltr'>dramatici</span> <span class='ocrx_word' id='word_1_95' title='bbox 989 1536 1134 1617; x_wconf 90' lang='lat' dir='ltr'>poematis</span> <span class='ocrx_word' id='word_1_96' title='bbox 1145 1535 1301 1617; x_wconf 87' lang='lat' dir='ltr'>participes</span> <span class='ocrx_word' id='word_1_97' title='bbox 1314 1547 1383 1594; x_wconf 91' lang='lat' dir='ltr'>sunt</span> 
     </span>
     <span class='ocr_line' id='line_1_13' title="bbox 320 1627 1382 1711; baseline 0 -23"><span class='ocrx_word' id='word_1_98' title='bbox 320 1627 475 1690; x_wconf 88' lang='lat' dir='ltr'>Heroides.</span> <span class='ocrx_word' id='word_1_99' title='bbox 488 1627 720 1710; x_wconf 90' lang='lat' dir='ltr'>Tragoediarum</span> <span class='ocrx_word' id='word_1_100' title='bbox 735 1648 805 1690; x_wconf 89' lang='lat' dir='ltr'>sane</span> <span class='ocrx_word' id='word_1_101' title='bbox 817 1643 952 1690; x_wconf 88' lang='lat' dir='ltr'>tenorem</span> <span class='ocrx_word' id='word_1_102' title='bbox 967 1630 1139 1711; x_wconf 89' lang='lat' dir='ltr'>praesertim</span> <span class='ocrx_word' id='word_1_103' title='bbox 1154 1628 1294 1703; x_wconf 80' lang='lat' dir='ltr'>referunt,</span> <span class='ocrx_word' id='word_1_104' title='bbox 1313 1649 1382 1689; x_wconf 91' lang='lat' dir='ltr'>cum</span> 
     </span>
     <span class='ocr_line' id='line_1_14' title="bbox 319 1721 1383 1805; baseline 0 -22"><span class='ocrx_word' id='word_1_105' title='bbox 319 1722 435 1805; x_wconf 85' lang='lat' dir='ltr'>gravior</span> <span class='ocrx_word' id='word_1_106' title='bbox 464 1722 608 1804; x_wconf 91' lang='lat' dir='ltr'>quaedam</span> <span class='ocrx_word' id='word_1_107' title='bbox 634 1735 664 1783; x_wconf 93' lang='lat' dir='ltr'>et</span> <span class='ocrx_word' id='word_1_108' title='bbox 687 1722 885 1804; x_wconf 57' lang='lat' dir='ltr'>,impotentior</span> <span class='ocrx_word' id='word_1_109' title='bbox 909 1722 1032 1798; x_wconf 80' lang='lat' dir='ltr'>femina,</span> <span class='ocrx_word' id='word_1_110' title='bbox 1055 1736 1088 1783; x_wconf 92' lang='lat' dir='ltr'>ut</span> <span class='ocrx_word' id='word_1_111' title='bbox 1107 1721 1193 1797; x_wconf 91' lang='lat' dir='ltr'>solet,</span> <span class='ocrx_word' id='word_1_112' title='bbox 1223 1723 1252 1783; x_wconf 92' lang='lat' dir='ltr'>in</span> <span class='ocrx_word' id='word_1_113' title='bbox 1268 1722 1383 1783; x_wconf 90' lang='lat' dir='ltr'>lentum</span> 
     </span>
     <span class='ocr_line' id='line_1_15' title="bbox 318 1815 1383 1898; baseline 0 -21"><span class='ocrx_word' id='word_1_114' title='bbox 318 1828 481 1877; x_wconf 86' lang='lat' dir='ltr'>amatorem</span> <span class='ocrx_word' id='word_1_115' title='bbox 504 1816 600 1876; x_wconf 86' lang='lat' dir='ltr'>acrius</span> <span class='ocrx_word' id='word_1_116' title='bbox 628 1815 778 1877; x_wconf 86' lang='lat' dir='ltr'>invehitur</span> <span class='ocrx_word' id='word_1_117' title='bbox 799 1830 829 1877; x_wconf 87' lang='lat' dir='ltr'>et</span> <span class='ocrx_word' id='word_1_118' title='bbox 862 1815 1004 1898; x_wconf 85' lang='lat' dir='ltr'>paulatim</span> <span class='ocrx_word' id='word_1_119' title='bbox 1030 1816 1133 1877; x_wconf 90' lang='lat' dir='ltr'>dolore</span> <span class='ocrx_word' id='word_1_120' title='bbox 1154 1816 1318 1879; x_wconf 85' lang='lat' dir='ltr'>exulcerata</span> <span class='ocrx_word' id='word_1_121' title='bbox 1346 1816 1383 1877; x_wconf 89' lang='lat' dir='ltr'>ad</span> 
     </span>
     <span class='ocr_line' id='line_1_16' title="bbox 320 1908 1383 1992; baseline 0 -22"><span class='ocrx_word' id='word_1_122' title='bbox 320 1929 468 1971; x_wconf 87' lang='lat' dir='ltr'>summam</span> <span class='ocrx_word' id='word_1_123' title='bbox 481 1908 543 1971; x_wconf 87' lang='lat' dir='ltr'>vim</span> <span class='ocrx_word' id='word_1_124' title='bbox 560 1908 833 1991; x_wconf 87' lang='lat' dir='ltr'>fervidissimosque</span> <span class='ocrx_word' id='word_1_125' title='bbox 848 1929 951 1971; x_wconf 92' lang='lat' dir='ltr'>sensus</span> <span class='ocrx_word' id='word_1_126' title='bbox 964 1908 1122 1992; x_wconf 88' lang='lat' dir='ltr'>abripitur;</span> <span class='ocrx_word' id='word_1_127' title='bbox 1136 1923 1207 1971; x_wconf 91' lang='lat' dir='ltr'>tunc</span> <span class='ocrx_word' id='word_1_128' title='bbox 1221 1910 1302 1971; x_wconf 94' lang='lat' dir='ltr'>enim</span> <span class='ocrx_word' id='word_1_129' title='bbox 1319 1930 1383 1971; x_wconf 90' lang='lat' dir='ltr'>ora-</span> 
     </span>
     <span class='ocr_line' id='line_1_17' title="bbox 320 2002 1382 2086; baseline 0 -22"><span class='ocrx_word' id='word_1_130' title='bbox 320 2005 363 2064; x_wconf 92' lang='lat' dir='ltr'>tio</span> <span class='ocrx_word' id='word_1_131' title='bbox 380 2004 510 2085; x_wconf 74' lang='lat' dir='ltr'>exsurgit</span> <span class='ocrx_word' id='word_1_132' title='bbox 522 2017 551 2064; x_wconf 88' lang='lat' dir='ltr'>et</span> <span class='ocrx_word' id='word_1_133' title='bbox 566 2002 731 2064; x_wconf 89' lang='lat' dir='ltr'>incitatiore</span> <span class='ocrx_word' id='word_1_134' title='bbox 746 2024 834 2064; x_wconf 88' lang='lat' dir='ltr'>cursu</span> <span class='ocrx_word' id='word_1_135' title='bbox 849 2004 986 2086; x_wconf 89' lang='lat' dir='ltr'>trepidat,</span> <span class='ocrx_word' id='word_1_136' title='bbox 1003 2003 1079 2064; x_wconf 93' lang='lat' dir='ltr'>sicut</span> <span class='ocrx_word' id='word_1_137' title='bbox 1092 2002 1246 2065; x_wconf 86' lang='lat' dir='ltr'>affectibus</span> <span class='ocrx_word' id='word_1_138' title='bbox 1258 2024 1310 2086; x_wconf 89' lang='lat' dir='ltr'>par</span> <span class='ocrx_word' id='word_1_139' title='bbox 1323 2016 1382 2079; x_wconf 89' lang='lat' dir='ltr'>est;</span> 
     </span>
     <span class='ocr_line' id='line_1_18' title="bbox 320 2094 1384 2179; baseline 0 -22"><span class='ocrx_word' id='word_1_140' title='bbox 320 2111 349 2158; x_wconf 92' lang='lat' dir='ltr'>et</span> <span class='ocrx_word' id='word_1_141' title='bbox 373 2094 429 2157; x_wconf 90' lang='lat' dir='ltr'>nisi</span> <span class='ocrx_word' id='word_1_142' title='bbox 454 2098 542 2157; x_wconf 88' lang='lat' dir='ltr'>scires</span> <span class='ocrx_word' id='word_1_143' title='bbox 561 2116 702 2177; x_wconf 88' lang='lat' dir='ltr'>personas</span> <span class='ocrx_word' id='word_1_144' title='bbox 725 2095 789 2156; x_wconf 91' lang='lat' dir='ltr'>illas</span> <span class='ocrx_word' id='word_1_145' title='bbox 815 2116 883 2159; x_wconf 93' lang='lat' dir='ltr'>cum</span> <span class='ocrx_word' id='word_1_146' title='bbox 906 2096 1077 2159; x_wconf 87' lang='lat' dir='ltr'>absentibus</span> <span class='ocrx_word' id='word_1_147' title='bbox 1097 2096 1242 2179; x_wconf 93' lang='lat' dir='ltr'>colloqui,</span> <span class='ocrx_word' id='word_1_148' title='bbox 1266 2111 1310 2158; x_wconf 90' lang='lat' dir='ltr'>est</span> <span class='ocrx_word' id='word_1_149' title='bbox 1332 2095 1384 2159; x_wconf 93' lang='lat' dir='ltr'>ubi</span> 
     </span>
     <span class='ocr_line' id='line_1_19' title="bbox 320 2189 1384 2273; baseline 0 -22"><span class='ocrx_word' id='word_1_150' title='bbox 320 2210 432 2251; x_wconf 86' lang='lat' dir='ltr'>meram</span> <span class='ocrx_word' id='word_1_151' title='bbox 452 2191 634 2271; x_wconf 88' lang='lat' dir='ltr'>tragoediam</span> <span class='ocrx_word' id='word_1_152' title='bbox 653 2190 754 2250; x_wconf 86' lang='lat' dir='ltr'>audire</span> <span class='ocrx_word' id='word_1_153' title='bbox 779 2204 809 2251; x_wconf 91' lang='lat' dir='ltr'>te</span> <span class='ocrx_word' id='word_1_154' title='bbox 828 2204 955 2271; x_wconf 88' lang='lat' dir='ltr'>putares.</span> <span class='ocrx_word' id='word_1_155' title='bbox 984 2190 1146 2262; x_wconf 88' lang='lat' dir='ltr'>Quondam</span> <span class='ocrx_word' id='word_1_156' title='bbox 1168 2191 1256 2273; x_wconf 89' lang='lat' dir='ltr'>igitur</span> <span class='ocrx_word' id='word_1_157' title='bbox 1278 2189 1384 2252; x_wconf 90' lang='lat' dir='ltr'>Herois</span> 
     </span>
     <span class='ocr_line' id='line_1_20' title="bbox 320 2283 1385 2367; baseline 0 -22"><span class='ocrx_word' id='word_1_158' title='bbox 320 2283 446 2345; x_wconf 86' lang='lat' dir='ltr'>formam</span> <span class='ocrx_word' id='word_1_159' title='bbox 464 2297 492 2343; x_wconf 90' lang='lat' dir='ltr'>et</span> <span class='ocrx_word' id='word_1_160' title='bbox 503 2297 635 2345; x_wconf 90' lang='lat' dir='ltr'>naturam</span> <span class='ocrx_word' id='word_1_161' title='bbox 653 2302 807 2345; x_wconf 86' lang='lat' dir='ltr'>scenarum</span> <span class='ocrx_word' id='word_1_162' title='bbox 822 2283 940 2344; x_wconf 91' lang='lat' dir='ltr'>illarum</span> <span class='ocrx_word' id='word_1_163' title='bbox 958 2284 1077 2345; x_wconf 88' lang='lat' dir='ltr'>videtur</span> <span class='ocrx_word' id='word_1_164' title='bbox 1094 2284 1213 2361; x_wconf 87' lang='lat' dir='ltr'>referre,</span> <span class='ocrx_word' id='word_1_165' title='bbox 1231 2304 1305 2367; x_wconf 91' lang='lat' dir='ltr'>quae</span> <span class='ocrx_word' id='word_1_166' title='bbox 1317 2283 1385 2345; x_wconf 87' lang='lat' dir='ltr'>soli·</span> 
     </span>
     <span class='ocr_line' id='line_1_21' title="bbox 320 2376 1385 2459; baseline 0 -22"><span class='ocrx_word' id='word_1_167' title='bbox 320 2376 420 2459; x_wconf 91' lang='lat' dir='ltr'>loquia</span> <span class='ocrx_word' id='word_1_168' title='bbox 439 2376 587 2438; x_wconf 89' lang='lat' dir='ltr'>dicuntur.</span> <span class='ocrx_word' id='word_1_169' title='bbox 610 2378 691 2438; x_wconf 90' lang='lat' dir='ltr'>Haec</span> <span class='ocrx_word' id='word_1_170' title='bbox 713 2376 818 2459; x_wconf 92' lang='lat' dir='ltr'>opinio</span> <span class='ocrx_word' id='word_1_171' title='bbox 834 2376 948 2437; x_wconf 87' lang='lat' dir='ltr'>firmior</span> <span class='ocrx_word' id='word_1_172' title='bbox 962 2378 1050 2439; x_wconf 90' lang='lat' dir='ltr'>etiam</span> <span class='ocrx_word' id='word_1_173' title='bbox 1071 2378 1172 2439; x_wconf 91' lang='lat' dir='ltr'>animo</span> <span class='ocrx_word' id='word_1_174' title='bbox 1188 2378 1298 2454; x_wconf 89' lang='lat' dir='ltr'>insidit,</span> <span class='ocrx_word' id='word_1_175' title='bbox 1316 2398 1385 2439; x_wconf 92' lang='lat' dir='ltr'>cum</span> 
     </span>
     <span class='ocr_line' id='line_1_22' title="bbox 320 2469 1385 2554; baseline 0.002 -25"><span class='ocrx_word' id='word_1_176' title='bbox 320 2472 403 2531; x_wconf 89' lang='lat' dir='ltr'>venit</span> <span class='ocrx_word' id='word_1_177' title='bbox 429 2470 460 2529; x_wconf 93' lang='lat' dir='ltr'>in</span> <span class='ocrx_word' id='word_1_178' title='bbox 482 2484 614 2531; x_wconf 88' lang='lat' dir='ltr'>mentem</span> <span class='ocrx_word' id='word_1_179' title='bbox 640 2470 745 2531; x_wconf 90' lang='lat' dir='ltr'>harum</span> <span class='ocrx_word' id='word_1_180' title='bbox 772 2470 967 2552; x_wconf 89' lang='lat' dir='ltr'>epistularum</span> <span class='ocrx_word' id='word_1_181' title='bbox 993 2485 1165 2553; x_wconf 88' lang='lat' dir='ltr'>argumenta</span> <span class='ocrx_word' id='word_1_182' title='bbox 1188 2469 1326 2554; x_wconf 86' lang='lat' dir='ltr'>pleraque</span> <span class='ocrx_word' id='word_1_183' title='bbox 1350 2492 1385 2531; x_wconf 83' lang='lat' dir='ltr'>ex</span> 
     </span>
     <span class='ocr_line' id='line_1_23' title="bbox 320 2563 1385 2648; baseline 0 -24"><span class='ocrx_word' id='word_1_184' title='bbox 320 2564 477 2646; x_wconf 88' lang='lat' dir='ltr'>tragoediis</span> <span class='ocrx_word' id='word_1_185' title='bbox 494 2578 613 2646; x_wconf 90' lang='lat' dir='ltr'>sumpta</span> <span class='ocrx_word' id='word_1_186' title='bbox 624 2584 699 2638; x_wconf 89' lang='lat' dir='ltr'>esse,</span> <span class='ocrx_word' id='word_1_187' title='bbox 714 2565 831 2648; x_wconf 90' lang='lat' dir='ltr'>quaein</span> <span class='ocrx_word' id='word_1_188' title='bbox 847 2584 935 2625; x_wconf 87' lang='lat' dir='ltr'>scena</span> <span class='ocrx_word' id='word_1_189' title='bbox 946 2563 1019 2625; x_wconf 91' lang='lat' dir='ltr'>olim</span> <span class='ocrx_word' id='word_1_190' title='bbox 1032 2579 1111 2626; x_wconf 89' lang='lat' dir='ltr'>actae</span> <span class='ocrx_word' id='word_1_191' title='bbox 1125 2564 1251 2639; x_wconf 88' lang='lat' dir='ltr'>fuerant,</span> <span class='ocrx_word' id='word_1_192' title='bbox 1268 2564 1385 2625; x_wconf 91' lang='lat' dir='ltr'>Ovidii-</span> 
     </span>
     <span class='ocr_line' id='line_1_24' title="bbox 322 2656 1383 2741; baseline 0 -23"><span class='ocrx_word' id='word_1_193' title='bbox 322 2677 379 2740; x_wconf 92' lang='lat' dir='ltr'>que</span> <span class='ocrx_word' id='word_1_194' title='bbox 399 2656 585 2739; x_wconf 90' lang='lat' dir='ltr'>temporibus</span> <span class='ocrx_word' id='word_1_195' title='bbox 607 2658 703 2719; x_wconf 91' lang='lat' dir='ltr'>adhuc</span> <span class='ocrx_word' id='word_1_196' title='bbox 730 2657 883 2718; x_wconf 87' lang='lat' dir='ltr'>exstabant</span> <span class='ocrx_word' id='word_1_197' title='bbox 910 2670 939 2719; x_wconf 93' lang='lat' dir='ltr'>et</span> <span class='ocrx_word' id='word_1_198' title='bbox 959 2678 1062 2740; x_wconf 84' lang='lat' dir='ltr'>graece</span> <span class='ocrx_word' id='word_1_199' title='bbox 1088 2672 1117 2719; x_wconf 89' lang='lat' dir='ltr'>et</span> <span class='ocrx_word' id='word_1_200' title='bbox 1136 2658 1226 2719; x_wconf 89' lang='lat' dir='ltr'>latine</span> <span class='ocrx_word' id='word_1_201' title='bbox 1247 2660 1383 2741; x_wconf 86' lang='lat' dir='ltr'>scriptae.</span> 
     </span>
     <span class='ocr_line' id='line_1_25' title="bbox 321 2751 1386 2828; baseline 0.002 -17"><span class='ocrx_word' id='word_1_202' title='bbox 321 2751 398 2811; x_wconf 90' lang='lat' dir='ltr'>Nam</span> <span class='ocrx_word' id='word_1_203' title='bbox 423 2752 483 2811; x_wconf 87' lang='lat' dir='ltr'>sive</span> <span class='ocrx_word' id='word_1_204' title='bbox 506 2751 648 2827; x_wconf 88' lang='lat' dir='ltr'>Phaedra,</span> <span class='ocrx_word' id='word_1_205' title='bbox 670 2752 732 2812; x_wconf 86' lang='lat' dir='ltr'>sive</span> <span class='ocrx_word' id='word_1_206' title='bbox 757 2752 882 2828; x_wconf 89' lang='lat' dir='ltr'>Canace,</span> <span class='ocrx_word' id='word_1_207' title='bbox 904 2751 951 2813; x_wconf 89' lang='lat' dir='ltr'>vel</span> <span class='ocrx_word' id='word_1_208' title='bbox 974 2752 1149 2827; x_wconf 87' lang='lat' dir='ltr'>Hermione,</span> <span class='ocrx_word' id='word_1_209' title='bbox 1173 2751 1221 2813; x_wconf 87' lang='lat' dir='ltr'>vel</span> <span class='ocrx_word' id='word_1_210' title='bbox 1251 2752 1386 2813; x_wconf 85' lang='lat' dir='ltr'>Deianira</span> 
     </span>
     <span class='ocr_line' id='line_1_26' title="bbox 321 2844 1386 2927; baseline 0.001 -22"><span class='ocrx_word' id='word_1_211' title='bbox 321 2845 413 2905; x_wconf 88' lang='lat' dir='ltr'>aliave</span> <span class='ocrx_word' id='word_1_212' title='bbox 428 2844 588 2919; x_wconf 87' lang='lat' dir='ltr'>inducitur,</span> <span class='ocrx_word' id='word_1_213' title='bbox 610 2858 783 2926; x_wconf 89' lang='lat' dir='ltr'>poematum</span> <span class='ocrx_word' id='word_1_214' title='bbox 801 2846 898 2905; x_wconf 88' lang='lat' dir='ltr'>statim</span> <span class='ocrx_word' id='word_1_215' title='bbox 919 2847 1064 2907; x_wconf 88' lang='lat' dir='ltr'>memoria</span> <span class='ocrx_word' id='word_1_216' title='bbox 1083 2859 1237 2907; x_wconf 82' lang='lat' dir='ltr'>revocatur</span> <span class='ocrx_word' id='word_1_217' title='bbox 1256 2865 1332 2927; x_wconf 89' lang='lat' dir='ltr'>quae</span> <span class='ocrx_word' id='word_1_218' title='bbox 1351 2866 1386 2906; x_wconf 85' lang='lat' dir='ltr'>ex</span> 
     </span>
     <span class='ocr_line' id='line_1_27' title="bbox 321 2938 1222 3021; baseline 0 -22"><span class='ocrx_word' id='word_1_219' title='bbox 321 2938 429 2999; x_wconf 88' lang='lat' dir='ltr'>eadem</span> <span class='ocrx_word' id='word_1_220' title='bbox 445 2939 566 2999; x_wconf 89' lang='lat' dir='ltr'>materia</span> <span class='ocrx_word' id='word_1_221' title='bbox 580 2938 745 3021; x_wconf 90' lang='lat' dir='ltr'>Sophocles</span> <span class='ocrx_word' id='word_1_222' title='bbox 760 2938 954 3020; x_wconf 87' lang='lat' dir='ltr'>Euripidesve</span> <span class='ocrx_word' id='word_1_223' title='bbox 969 2954 1222 3021; x_wconf 82' lang='lat' dir='ltr'>exprompserant.</span> 
     </span>
    </p>

    <p class='ocr_par' dir='ltr' id='par_1_3' title="bbox 323 3035 1388 3773">
     <span class='ocr_line' id='line_1_28' title="bbox 325 3035 1386 3119; baseline 0 -23"><span class='ocrx_word' id='word_1_224' title='bbox 325 3046 327 3049; x_wconf 83' lang='lat'>&#39;</span> <span class='ocrx_word' id='word_1_225' title='bbox 361 3038 397 3096; x_wconf 92' lang='lat' dir='ltr'>Et</span> <span class='ocrx_word' id='word_1_226' title='bbox 419 3038 526 3118; x_wconf 90' lang='lat' dir='ltr'>reipsa,</span> <span class='ocrx_word' id='word_1_227' title='bbox 550 3035 664 3098; x_wconf 92' lang='lat' dir='ltr'>collatis</span> <span class='ocrx_word' id='word_1_228' title='bbox 688 3038 820 3117; x_wconf 91' lang='lat' dir='ltr'>priorum</span> <span class='ocrx_word' id='word_1_229' title='bbox 843 3050 873 3097; x_wconf 89' lang='lat' dir='ltr'>et</span> <span class='ocrx_word' id='word_1_230' title='bbox 894 3037 997 3097; x_wconf 85' lang='lat' dir='ltr'>Ovidii</span> <span class='ocrx_word' id='word_1_231' title='bbox 1020 3035 1211 3111; x_wconf 89' lang='lat' dir='ltr'>carminibus,</span> <span class='ocrx_word' id='word_1_232' title='bbox 1234 3051 1320 3119; x_wconf 89' lang='lat' dir='ltr'>putes</span> <span class='ocrx_word' id='word_1_233' title='bbox 1335 3035 1386 3097; x_wconf 84' lang='lat' dir='ltr'>ali·</span> 
     </span>
     <span class='ocr_line' id='line_1_29' title="bbox 323 3128 1386 3214; baseline 0 -25"><span class='ocrx_word' id='word_1_234' title='bbox 323 3129 442 3212; x_wconf 92' lang='lat' dir='ltr'>quando</span> <span class='ocrx_word' id='word_1_235' title='bbox 455 3130 513 3191; x_wconf 91' lang='lat' dir='ltr'>hoc</span> <span class='ocrx_word' id='word_1_236' title='bbox 529 3130 623 3211; x_wconf 89' lang='lat' dir='ltr'>egisse</span> <span class='ocrx_word' id='word_1_237' title='bbox 637 3134 756 3211; x_wconf 83' lang='lat' dir='ltr'>pnetam</span> <span class='ocrx_word' id='word_1_238' title='bbox 771 3143 805 3190; x_wconf 90' lang='lat' dir='ltr'>ut</span> <span class='ocrx_word' id='word_1_239' title='bbox 816 3144 1024 3211; x_wconf 87' lang='lat' dir='ltr'>argumentum</span> <span class='ocrx_word' id='word_1_240' title='bbox 1037 3132 1162 3214; x_wconf 86' lang='lat' dir='ltr'>tragicae</span> <span class='ocrx_word' id='word_1_241' title='bbox 1176 3128 1292 3191; x_wconf 76' lang='lat' dir='ltr'>tabulae</span> <span class='ocrx_word' id='word_1_242' title='bbox 1307 3150 1386 3191; x_wconf 89' lang='lat' dir='ltr'>coar·</span> 
     </span>
     <span class='ocr_line' id='line_1_30' title="bbox 323 3222 1387 3305; baseline 0 -22"><span class='ocrx_word' id='word_1_243' title='bbox 323 3236 417 3284; x_wconf 87' lang='lat' dir='ltr'>tatum</span> <span class='ocrx_word' id='word_1_244' title='bbox 436 3224 466 3282; x_wconf 92' lang='lat' dir='ltr'>in</span> <span class='ocrx_word' id='word_1_245' title='bbox 484 3222 610 3305; x_wconf 88' lang='lat' dir='ltr'>epistula</span> <span class='ocrx_word' id='word_1_246' title='bbox 627 3222 803 3299; x_wconf 90' lang='lat' dir='ltr'>includeret,</span> <span class='ocrx_word' id='word_1_247' title='bbox 822 3238 851 3284; x_wconf 91' lang='lat' dir='ltr'>et</span> <span class='ocrx_word' id='word_1_248' title='bbox 870 3238 985 3286; x_wconf 90' lang='lat' dir='ltr'>mutato</span> <span class='ocrx_word' id='word_1_249' title='bbox 999 3224 1124 3286; x_wconf 90' lang='lat' dir='ltr'>nomine</span> <span class='ocrx_word' id='word_1_250' title='bbox 1143 3228 1295 3305; x_wconf 63' lang='grc' dir='ltr'>μονολόγον</span> <span class='ocrx_word' id='word_1_251' title='bbox 1314 3223 1387 3283; x_wconf 91' lang='lat' dir='ltr'>reci-</span> 
     </span>
     <span class='ocr_line' id='line_1_31' title="bbox 323 3315 1388 3400; baseline 0.001 -24"><span class='ocrx_word' id='word_1_252' title='bbox 323 3317 387 3377; x_wconf 88' lang='lat' dir='ltr'>tari.</span> <span class='ocrx_word' id='word_1_253' title='bbox 409 3317 536 3377; x_wconf 90' lang='lat' dir='ltr'>Evanuit</span> <span class='ocrx_word' id='word_1_254' title='bbox 563 3315 661 3377; x_wconf 93' lang='lat' dir='ltr'>solum</span> <span class='ocrx_word' id='word_1_255' title='bbox 683 3315 791 3399; x_wconf 92' lang='lat' dir='ltr'>dialogi</span> <span class='ocrx_word' id='word_1_256' title='bbox 815 3315 922 3393; x_wconf 84' lang='lat' dir='ltr'>iorma,</span> <span class='ocrx_word' id='word_1_257' title='bbox 946 3319 1030 3400; x_wconf 90' lang='lat' dir='ltr'>quasi</span> <span class='ocrx_word' id='word_1_258' title='bbox 1049 3331 1132 3378; x_wconf 89' lang='lat' dir='ltr'>muta</span> <span class='ocrx_word' id='word_1_259' title='bbox 1152 3315 1241 3378; x_wconf 89' lang='lat' dir='ltr'>altera</span> <span class='ocrx_word' id='word_1_260' title='bbox 1262 3337 1388 3399; x_wconf 88' lang='lat' dir='ltr'>persona</span> 
     </span>
     <span class='ocr_line' id='line_1_32' title="bbox 323 3409 1386 3494; baseline 0 -24"><span class='ocrx_word' id='word_1_261' title='bbox 323 3422 505 3492; x_wconf 85' lang='lat' dir='ltr'>permaneat,</span> <span class='ocrx_word' id='word_1_262' title='bbox 535 3410 606 3471; x_wconf 92' lang='lat' dir='ltr'>dum</span> <span class='ocrx_word' id='word_1_263' title='bbox 633 3410 721 3471; x_wconf 89' lang='lat' dir='ltr'>altera</span> <span class='ocrx_word' id='word_1_264' title='bbox 747 3409 870 3472; x_wconf 84' lang='lat' dir='ltr'>affectus</span> <span class='ocrx_word' id='word_1_265' title='bbox 901 3425 1060 3494; x_wconf 91' lang='lat' dir='ltr'>motusque</span> <span class='ocrx_word' id='word_1_266' title='bbox 1085 3411 1176 3471; x_wconf 89' lang='lat' dir='ltr'>animi</span> <span class='ocrx_word' id='word_1_267' title='bbox 1195 3410 1318 3485; x_wconf 88' lang='lat' dir='ltr'>evolvit,</span> <span class='ocrx_word' id='word_1_268' title='bbox 1346 3424 1386 3485; x_wconf 90' lang='lat' dir='ltr'>et,</span> 
     </span>
     <span class='ocr_line' id='line_1_33' title="bbox 325 3502 1388 3587; baseline 0.001 -24"><span class='ocrx_word' id='word_1_269' title='bbox 325 3502 408 3569; x_wconf 89' lang='lat' dir='ltr'>nullo</span> <span class='ocrx_word' id='word_1_270' title='bbox 424 3504 633 3585; x_wconf 87' lang='lat' dir='ltr'>respondente,</span> <span class='ocrx_word' id='word_1_271' title='bbox 643 3504 876 3587; x_wconf 89' lang='lat' dir='ltr'>quaestionibus,</span> <span class='ocrx_word' id='word_1_272' title='bbox 886 3518 936 3565; x_wconf 92' lang='lat' dir='ltr'>aut</span> <span class='ocrx_word' id='word_1_273' title='bbox 951 3503 1146 3587; x_wconf 88' lang='lat' dir='ltr'>querelis,aut</span> <span class='ocrx_word' id='word_1_274' title='bbox 1158 3505 1388 3566; x_wconf 89' lang='lat' dir='ltr'>ratiocinationi·</span> 
     </span>
     <span class='ocr_line' id='line_1_34' title="bbox 324 3594 1388 3680; baseline 0.001 -24"><span class='ocrx_word' id='word_1_275' title='bbox 324 3594 380 3657; x_wconf 88' lang='lat' dir='ltr'>bus</span> <span class='ocrx_word' id='word_1_276' title='bbox 394 3598 531 3658; x_wconf 89' lang='lat' dir='ltr'>excurrit.</span> <span class='ocrx_word' id='word_1_277' title='bbox 559 3598 783 3658; x_wconf 88' lang='lat' dir='ltr'>Documentum</span> <span class='ocrx_word' id='word_1_278' title='bbox 804 3598 927 3658; x_wconf 89' lang='lat' dir='ltr'>huiusce</span> <span class='ocrx_word' id='word_1_279' title='bbox 947 3598 990 3659; x_wconf 90' lang='lat' dir='ltr'>rei</span> <span class='ocrx_word' id='word_1_280' title='bbox 1011 3597 1151 3679; x_wconf 90' lang='lat' dir='ltr'>praebere</span> <span class='ocrx_word' id='word_1_281' title='bbox 1169 3611 1267 3680; x_wconf 87' lang='lat' dir='ltr'>potest</span> <span class='ocrx_word' id='word_1_282' title='bbox 1287 3598 1388 3658; x_wconf 92' lang='lat' dir='ltr'>heroi-</span> 
     </span>
     <span class='ocr_line' id='line_1_35' title="bbox 325 3688 1386 3773; baseline 0 -22"><span class='ocrx_word' id='word_1_283' title='bbox 325 3690 396 3751; x_wconf 91' lang='lat' dir='ltr'>dum</span> <span class='ocrx_word' id='word_1_284' title='bbox 420 3688 647 3772; x_wconf 89' lang='lat' dir='ltr'>unaquaelibet</span> <span class='ocrx_word' id='word_1_285' title='bbox 675 3710 690 3751; x_wconf 91' lang='lat' dir='ltr'>e</span> <span class='ocrx_word' id='word_1_286' title='bbox 717 3690 893 3772; x_wconf 90' lang='lat' dir='ltr'>tragicarum</span> <span class='ocrx_word' id='word_1_287' title='bbox 918 3690 1096 3761; x_wconf 70' lang='lat' dir='ltr'>leminarum</span> <span class='ocrx_word' id='word_1_288' title='bbox 1124 3691 1216 3752; x_wconf 91' lang='lat' dir='ltr'>choro</span> <span class='ocrx_word' id='word_1_289' title='bbox 1240 3704 1386 3773; x_wconf 81' lang='lat' dir='ltr'>excerpta.</span> 
     </span>
    </p>
   </div>
   <div class='ocr_carea' id='block_1_3' title="bbox 324 3782 1389 3886">
    <p class='ocr_par' dir='ltr' id='par_1_4' title="bbox 324 3782 1389 3886">
     <span class='ocr_line' id='line_1_36' title="bbox 324 3782 1389 3886; baseline 0 -43"><span class='ocrx_word' id='word_1_290' title='bbox 324 3784 403 3843; x_wconf 90' lang='lat' dir='ltr'>Nam</span> <span class='ocrx_word' id='word_1_291' title='bbox 418 3784 442 3843; x_wconf 90' lang='lat' dir='ltr'>si</span> <span class='ocrx_word' id='word_1_292' title='bbox 458 3783 618 3845; x_wconf 89' lang='lat' dir='ltr'>Phaedram</span> <span class='ocrx_word' id='word_1_293' title='bbox 633 3782 734 3845; x_wconf 90' lang='lat' dir='ltr'>audies</span> <span class='ocrx_word' id='word_1_294' title='bbox 751 3783 880 3865; x_wconf 86' lang='lat' dir='ltr'>epistula</span> <span class='ocrx_word' id='word_1_295' title='bbox 894 3783 1145 3886; x_wconf 54' lang='lat' dir='ltr'>ad,Hippolytum</span> <span class='ocrx_word' id='word_1_296' title='bbox 1161 3785 1250 3845; x_wconf 88' lang='lat' dir='ltr'>missa</span> <span class='ocrx_word' id='word_1_297' title='bbox 1261 3804 1389 3868; x_wconf 89' lang='lat' dir='ltr'>queren-</span> 
     </span>
    </p>
   </div>
   <div class='ocr_carea' id='block_1_4' title="bbox 324 3881 1390 4062">
    <p class='ocr_par' dir='ltr' id='par_1_5' title="bbox 324 3881 1390 4062">
     <span class='ocr_line' id='line_1_37' title="bbox 326 3881 1389 3965; baseline 0 -24"><span class='ocrx_word' id='word_1_298' title='bbox 326 3892 398 3957; x_wconf 87' lang='lat' dir='ltr'>tem,</span> <span class='ocrx_word' id='word_1_299' title='bbox 417 3901 521 3942; x_wconf 89' lang='lat' dir='ltr'>sensus</span> <span class='ocrx_word' id='word_1_300' title='bbox 537 3882 815 3963; x_wconf 90' lang='lat' dir='ltr'>commotionesque</span> <span class='ocrx_word' id='word_1_301' title='bbox 832 3881 918 3942; x_wconf 86' lang='lat' dir='ltr'>facile</span> <span class='ocrx_word' id='word_1_302' title='bbox 937 3902 1081 3963; x_wconf 86' lang='lat' dir='ltr'>agnosces</span> <span class='ocrx_word' id='word_1_303' title='bbox 1100 3882 1207 3965; x_wconf 93' lang='lat' dir='ltr'>quibus</span> <span class='ocrx_word' id='word_1_304' title='bbox 1228 3884 1287 3943; x_wconf 89' lang='lat' dir='ltr'>iam</span> <span class='ocrx_word' id='word_1_305' title='bbox 1306 3882 1389 3941; x_wconf 91' lang='lat' dir='ltr'>Euri·</span> 
     </span>
     <span class='ocr_line' id='line_1_38' title="bbox 324 3973 1390 4062; baseline 0.002 -28"><span class='ocrx_word' id='word_1_306' title='bbox 324 3974 407 4055; x_wconf 88' lang='lat' dir='ltr'>pides</span> <span class='ocrx_word' id='word_1_307' title='bbox 419 3973 588 4036; x_wconf 87' lang='lat' dir='ltr'>felicissima</span> <span class='ocrx_word' id='word_1_308' title='bbox 604 3974 735 4036; x_wconf 87' lang='lat' dir='ltr'>ubertate</span> <span class='ocrx_word' id='word_1_309' title='bbox 751 3988 780 4035; x_wconf 89' lang='lat' dir='ltr'>et</span> <span class='ocrx_word' id='word_1_310' title='bbox 799 3973 956 4036; x_wconf 88' lang='lat' dir='ltr'>subtilitate</span> <span class='ocrx_word' id='word_1_311' title='bbox 971 3974 1001 4035; x_wconf 92' lang='lat' dir='ltr'>in</span> <span class='ocrx_word' id='word_1_312' title='bbox 1021 3976 1191 4059; x_wconf 79' lang='grc' dir='ltr'>Ὑππολύτῳ</span> <span class='ocrx_word' id='word_1_313' title='bbox 1207 4002 1285 4062; x_wconf 70' lang='lat' dir='ltr'>orep.</span> <span class='ocrx_word' id='word_1_314' title='bbox 1301 3974 1390 4036; x_wconf 83' lang='lat' dir='ltr'>femi-</span> 
     </span>
    </p>
   </div>
   <div class='ocr_carea' id='block_1_5' title="bbox 0 0 1595 5017">
    <p class='ocr_par' dir='ltr' id='par_1_6' title="bbox 0 0 1595 5017">
     <span class='ocr_line' id='line_1_39' title="bbox 0 0 1595 5017; baseline 0 0"><span class='ocrx_word' id='word_1_315' title='bbox 0 0 1595 5017; x_wconf 95' lang='lat' dir='ltr'> </span> 
     </span>
    </p>
   </div>
  </div>
 </body>
</html>
