<?xml version="1.0" encoding="UTF-8"?>
<!DOCTYPE html PUBLIC "-//W3C//DTD XHTML 1.0 Transitional//EN"
    "http://www.w3.org/TR/xhtml1/DTD/xhtml1-transitional.dtd">
<html xmlns="http://www.w3.org/1999/xhtml" xml:lang="en" lang="en">
 <head>
  <title>
</title>
<meta http-equiv="Content-Type" content="text/html;charset=utf-8" />
  <meta name='ocr-system' content='tesseract 3.04.00' />
  <meta name='ocr-capabilities' content='ocr_page ocr_carea ocr_par ocr_line ocrx_word'/>
</head>
<body>
  <div class='ocr_page' id='page_1' title='image "./quaestionesadpo00pigoog_0094.png"; bbox 0 0 3159 5017; ppageno 0'>
   <div class='ocr_carea' id='block_1_1' title="bbox 551 440 1156 645">
    <p class='ocr_par' dir='ltr' id='par_1_1' title="bbox 551 440 1156 645">
     <span class='ocr_line' id='line_1_1' title="bbox 793 440 953 505; baseline 0.006 -16"><span class='ocrx_word' id='word_1_1' title='bbox 793 475 832 489; x_wconf 82' lang='lat'>..</span> <span class='ocrx_word' id='word_1_2' title='bbox 854 440 893 505; x_wconf 75' lang='lat'>80</span> <span class='ocrx_word' id='word_1_3' title='bbox 914 474 953 490; x_wconf 85' lang='lat'>..</span> 
     </span>
     <span class='ocr_line' id='line_1_2' title="bbox 551 572 1156 645; baseline 0.003 -14"><span class='ocrx_word' id='word_1_4' title='bbox 551 572 614 631; x_wconf 87' lang='lat' dir='ltr'>Non</span> <span class='ocrx_word' id='word_1_5' title='bbox 629 591 658 630; x_wconf 93' lang='lat' dir='ltr'>ut</span> <span class='ocrx_word' id='word_1_6' title='bbox 668 595 741 631; x_wconf 91' lang='lat' dir='ltr'>ames</span> <span class='ocrx_word' id='word_1_7' title='bbox 754 594 814 642; x_wconf 88' lang='lat' dir='ltr'>oro,</span> <span class='ocrx_word' id='word_1_8' title='bbox 830 595 922 631; x_wconf 87' lang='lat' dir='ltr'>verum</span> <span class='ocrx_word' id='word_1_9' title='bbox 934 592 963 631; x_wconf 92' lang='lat' dir='ltr'>ut</span> <span class='ocrx_word' id='word_1_10' title='bbox 975 595 1063 633; x_wconf 87' lang='lat' dir='ltr'>amare</span> <span class='ocrx_word' id='word_1_11' title='bbox 1076 579 1156 645; x_wconf 88' lang='lat' dir='ltr'>sinas,</span> 
     </span>
    </p>
   </div>
   <div class='ocr_carea' id='block_1_2' title="bbox 340 701 1407 3589">
    <p class='ocr_par' dir='ltr' id='par_1_2' title="bbox 340 701 1407 2184">
     <span class='ocr_line' id='line_1_3' title="bbox 341 701 1403 784; baseline 0.002 -23"><span class='ocrx_word' id='word_1_12' title='bbox 341 714 513 761; x_wconf 88' lang='lat' dir='ltr'>nontamen</span> <span class='ocrx_word' id='word_1_13' title='bbox 527 702 594 761; x_wconf 91' lang='lat' dir='ltr'>inde</span> <span class='ocrx_word' id='word_1_14' title='bbox 605 701 807 782; x_wconf 91' lang='lat' dir='ltr'>colligendum</span> <span class='ocrx_word' id='word_1_15' title='bbox 820 717 864 761; x_wconf 91' lang='lat' dir='ltr'>est</span> <span class='ocrx_word' id='word_1_16' title='bbox 873 702 1029 783; x_wconf 85' lang='lat' dir='ltr'>epistulam</span> <span class='ocrx_word' id='word_1_17' title='bbox 1043 705 1172 784; x_wconf 88' lang='lat' dir='ltr'>spuriam</span> <span class='ocrx_word' id='word_1_18' title='bbox 1185 724 1266 778; x_wconf 84' lang='lat' dir='ltr'>esse3</span> <span class='ocrx_word' id='word_1_19' title='bbox 1281 703 1403 763; x_wconf 87' lang='lat' dir='ltr'>fortasse</span> 
     </span>
     <span class='ocr_line' id='line_1_4' title="bbox 342 794 1403 879; baseline 0.001 -24"><span class='ocrx_word' id='word_1_20' title='bbox 342 795 427 856; x_wconf 91' lang='lat' dir='ltr'>locus</span> <span class='ocrx_word' id='word_1_21' title='bbox 453 794 549 877; x_wconf 91' lang='lat' dir='ltr'>aliqua</span> <span class='ocrx_word' id='word_1_22' title='bbox 570 795 777 855; x_wconf 86' lang='lat' dir='ltr'>emendatione</span> <span class='ocrx_word' id='word_1_23' title='bbox 803 795 927 877; x_wconf 86' lang='lat' dir='ltr'>indiget,</span> <span class='ocrx_word' id='word_1_24' title='bbox 948 794 1065 879; x_wconf 91' lang='lat' dir='ltr'>qualem</span> <span class='ocrx_word' id='word_1_25' title='bbox 1087 798 1241 878; x_wconf 86' lang='lat' dir='ltr'>proposuit</span> <span class='ocrx_word' id='word_1_26' title='bbox 1264 798 1403 857; x_wconf 88' lang='lat' dir='ltr'>Heinsius</span> 
     </span>
     <span class='ocr_line' id='line_1_5' title="bbox 342 888 1404 971; baseline 0.005 -26"><span class='ocrx_word' id='word_1_27' title='bbox 342 914 357 945; x_wconf 91' lang='lat'>«</span> <span class='ocrx_word' id='word_1_28' title='bbox 375 909 422 949; x_wconf 92' lang='lat' dir='ltr'>me</span> <span class='ocrx_word' id='word_1_29' title='bbox 441 889 491 949; x_wconf 93' lang='lat' dir='ltr'>sed</span> <span class='ocrx_word' id='word_1_30' title='bbox 516 908 613 949; x_wconf 90' lang='lat' dir='ltr'>amare</span> <span class='ocrx_word' id='word_1_31' title='bbox 629 888 706 948; x_wconf 89' lang='lat' dir='ltr'>sinas</span> <span class='ocrx_word' id='word_1_32' title='bbox 723 913 751 963; x_wconf 74' lang='lat' dir='ltr'>a,</span> <span class='ocrx_word' id='word_1_33' title='bbox 766 888 815 949; x_wconf 91' lang='lat' dir='ltr'>vel</span> <span class='ocrx_word' id='word_1_34' title='bbox 835 890 994 961; x_wconf 83' lang='lat' dir='ltr'>Baehrens,</span> <span class='ocrx_word' id='word_1_35' title='bbox 1015 890 1065 971; x_wconf 89' lang='lat' dir='ltr'>qui</span> <span class='ocrx_word' id='word_1_36' title='bbox 1084 891 1289 951; x_wconf 87' lang='lat' dir='ltr'>animadvertit</span> <span class='ocrx_word' id='word_1_37' title='bbox 1307 890 1404 951; x_wconf 94' lang='lat' dir='ltr'>bonos</span> 
     </span>
     <span class='ocr_line' id='line_1_6' title="bbox 340 982 1403 1063; baseline 0.002 -21"><span class='ocrx_word' id='word_1_38' title='bbox 340 983 457 1043; x_wconf 89' lang='lat' dir='ltr'>codices</span> <span class='ocrx_word' id='word_1_39' title='bbox 474 1002 534 1042; x_wconf 93' lang='lat' dir='ltr'>non</span> <span class='ocrx_word' id='word_1_40' title='bbox 548 1001 708 1063; x_wconf 84' lang='lat' dir='ltr'>agnoscere</span> <span class='ocrx_word' id='word_1_41' title='bbox 721 982 881 1043; x_wconf 91' lang='lat' dir='ltr'>lectionem</span> <span class='ocrx_word' id='word_1_42' title='bbox 896 1007 911 1038; x_wconf 82' lang='lat' dir='ltr'>&lt;r</span> <span class='ocrx_word' id='word_1_43' title='bbox 925 1003 1030 1043; x_wconf 89' lang='lat' dir='ltr'>verum</span> <span class='ocrx_word' id='word_1_44' title='bbox 1043 998 1074 1043; x_wconf 97' lang='lat' dir='ltr'>ut</span> <span class='ocrx_word' id='word_1_45' title='bbox 1087 1008 1115 1058; x_wconf 77' lang='lat' dir='ltr'>a,</span> <span class='ocrx_word' id='word_1_46' title='bbox 1130 982 1320 1044; x_wconf 88' lang='lat' dir='ltr'>Harleianum</span> <span class='ocrx_word' id='word_1_47' title='bbox 1332 1004 1403 1044; x_wconf 79' lang='lat' dir='ltr'>vero</span> 
     </span>
     <span class='ocr_line' id='line_1_7' title="bbox 340 1074 1400 1159; baseline 0.002 -24"><span class='ocrx_word' id='word_1_48' title='bbox 340 1090 369 1135; x_wconf 89' lang='lat' dir='ltr'>et</span> <span class='ocrx_word' id='word_1_49' title='bbox 382 1074 647 1157; x_wconf 81' lang='lat' dir='ltr'>Guelferbytanum</span> <span class='ocrx_word' id='word_1_50' title='bbox 664 1075 804 1135; x_wconf 87' lang='lat' dir='ltr'>exhibere</span> <span class='ocrx_word' id='word_1_51' title='bbox 821 1101 837 1132; x_wconf 75' lang='lat' dir='ltr'>&lt;r</span> <span class='ocrx_word' id='word_1_52' title='bbox 852 1077 903 1136; x_wconf 91' lang='lat' dir='ltr'>sed</span> <span class='ocrx_word' id='word_1_53' title='bbox 918 1077 999 1157; x_wconf 90' lang='lat' dir='ltr'>quod</span> <span class='ocrx_word' id='word_1_54' title='bbox 1012 1101 1027 1132; x_wconf 78' lang='lat' dir='ltr'>r&gt;</span> <span class='ocrx_word' id='word_1_55' title='bbox 1045 1076 1171 1159; x_wconf 91' lang='lat' dir='ltr'>ideoque</span> <span class='ocrx_word' id='word_1_56' title='bbox 1191 1078 1229 1137; x_wconf 90' lang='lat' dir='ltr'>ita</span> <span class='ocrx_word' id='word_1_57' title='bbox 1243 1076 1400 1137; x_wconf 88' lang='lat' dir='ltr'>emendat:</span> 
     </span>
     <span class='ocr_line' id='line_1_8' title="bbox 342 1169 1403 1251; baseline 0.006 -27"><span class='ocrx_word' id='word_1_58' title='bbox 342 1193 356 1225; x_wconf 84' lang='lat'>‹&lt;</span> <span class='ocrx_word' id='word_1_59' title='bbox 377 1190 431 1228; x_wconf 95' lang='lat' dir='ltr'>nos</span> <span class='ocrx_word' id='word_1_60' title='bbox 447 1169 498 1229; x_wconf 93' lang='lat' dir='ltr'>sed</span> <span class='ocrx_word' id='word_1_61' title='bbox 512 1189 610 1229; x_wconf 86' lang='lat' dir='ltr'>amare</span> <span class='ocrx_word' id='word_1_62' title='bbox 625 1171 701 1228; x_wconf 90' lang='lat' dir='ltr'>sinas</span> <span class='ocrx_word' id='word_1_63' title='bbox 719 1184 739 1228; x_wconf 80' lang='lat'>¹.</span> <span class='ocrx_word' id='word_1_64' title='bbox 756 1193 771 1224; x_wconf 76' lang='lat' dir='ltr'>a</span> <span class='ocrx_word' id='word_1_65' title='bbox 787 1170 923 1251; x_wconf 88' lang='lat' dir='ltr'>Denique</span> <span class='ocrx_word' id='word_1_66' title='bbox 938 1184 1068 1230; x_wconf 82' lang='lat' dir='ltr'>veterem</span> <span class='ocrx_word' id='word_1_67' title='bbox 1083 1184 1196 1231; x_wconf 84' lang='lat' dir='ltr'>textum</span> <span class='ocrx_word' id='word_1_68' title='bbox 1216 1191 1277 1229; x_wconf 94' lang='lat' dir='ltr'>non</span> <span class='ocrx_word' id='word_1_69' title='bbox 1289 1185 1403 1231; x_wconf 88' lang='lat' dir='ltr'>tantum</span> 
     </span>
     <span class='ocr_line' id='line_1_9' title="bbox 342 1261 1402 1345; baseline 0.002 -24"><span class='ocrx_word' id='word_1_70' title='bbox 342 1262 516 1323; x_wconf 82' lang='lat' dir='ltr'>offensionis</span> <span class='ocrx_word' id='word_1_71' title='bbox 531 1261 638 1322; x_wconf 90' lang='lat' dir='ltr'>habere</span> <span class='ocrx_word' id='word_1_72' title='bbox 662 1276 762 1323; x_wconf 91' lang='lat' dir='ltr'>censet</span> <span class='ocrx_word' id='word_1_73' title='bbox 775 1264 815 1323; x_wconf 88' lang='lat' dir='ltr'>N.</span> <span class='ocrx_word' id='word_1_74' title='bbox 838 1262 965 1337; x_wconf 84' lang='lat' dir='ltr'>Barbu2,</span> <span class='ocrx_word' id='word_1_75' title='bbox 982 1277 1014 1323; x_wconf 92' lang='lat' dir='ltr'>ut</span> <span class='ocrx_word' id='word_1_76' title='bbox 1027 1263 1123 1345; x_wconf 91' lang='lat' dir='ltr'>aliqua</span> <span class='ocrx_word' id='word_1_77' title='bbox 1137 1262 1252 1324; x_wconf 89' lang='lat' dir='ltr'>medela</span> <span class='ocrx_word' id='word_1_78' title='bbox 1265 1284 1340 1345; x_wconf 91' lang='lat' dir='ltr'>opus</span> <span class='ocrx_word' id='word_1_79' title='bbox 1355 1265 1402 1339; x_wconf 92' lang='lat' dir='ltr'>sit,</span> 
     </span>
     <span class='ocr_line' id='line_1_10' title="bbox 342 1354 1405 1438; baseline 0 -24"><span class='ocrx_word' id='word_1_80' title='bbox 342 1356 452 1415; x_wconf 91' lang='lat' dir='ltr'>nedum</span> <span class='ocrx_word' id='word_1_81' title='bbox 470 1355 506 1414; x_wconf 90' lang='lat' dir='ltr'>de</span> <span class='ocrx_word' id='word_1_82' title='bbox 527 1356 591 1436; x_wconf 92' lang='lat' dir='ltr'>ipso</span> <span class='ocrx_word' id='word_1_83' title='bbox 606 1355 689 1415; x_wconf 81' lang='lat' dir='ltr'>fonte</span> <span class='ocrx_word' id='word_1_84' title='bbox 713 1354 893 1415; x_wconf 91' lang='lat' dir='ltr'>dubitemus.</span> <span class='ocrx_word' id='word_1_85' title='bbox 917 1354 1074 1436; x_wconf 90' lang='lat' dir='ltr'>Displicuit</span> <span class='ocrx_word' id='word_1_86' title='bbox 1095 1376 1214 1438; x_wconf 91' lang='lat' dir='ltr'>quoque</span> <span class='ocrx_word' id='word_1_87' title='bbox 1228 1357 1297 1415; x_wconf 90' lang='lat' dir='ltr'>viris</span> <span class='ocrx_word' id='word_1_88' title='bbox 1311 1357 1405 1416; x_wconf 89' lang='lat' dir='ltr'>doctis</span> 
     </span>
     <span class='ocr_line' id='line_1_11' title="bbox 341 1447 1405 1530; baseline 0 -23"><span class='ocrx_word' id='word_1_89' title='bbox 341 1447 413 1508; x_wconf 91' lang='lat' dir='ltr'>illud</span> <span class='ocrx_word' id='word_1_90' title='bbox 433 1449 628 1530; x_wconf 72' lang='lat' dir='ltr'>«rependo»,</span> <span class='ocrx_word' id='word_1_91' title='bbox 643 1468 672 1508; x_wconf 90' lang='lat' dir='ltr'>v.</span> <span class='ocrx_word' id='word_1_92' title='bbox 685 1468 733 1526; x_wconf 85' lang='lat'>32,</span> <span class='ocrx_word' id='word_1_93' title='bbox 746 1449 776 1508; x_wconf 95' lang='lat' dir='ltr'>in</span> <span class='ocrx_word' id='word_1_94' title='bbox 790 1448 1262 1530; x_wconf 88' lang='lat' dir='ltr'>amphibrachycorreptum,cum</span> <span class='ocrx_word' id='word_1_95' title='bbox 1278 1450 1405 1509; x_wconf 89' lang='lat' dir='ltr'>Ovidius</span> 
     </span>
     <span class='ocr_line' id='line_1_12' title="bbox 343 1540 1404 1622; baseline 0 -21"><span class='ocrx_word' id='word_1_96' title='bbox 343 1541 468 1602; x_wconf 86' lang='lat' dir='ltr'>Ofinale</span> <span class='ocrx_word' id='word_1_97' title='bbox 482 1556 597 1601; x_wconf 91' lang='lat' dir='ltr'>tantum</span> <span class='ocrx_word' id='word_1_98' title='bbox 611 1542 640 1601; x_wconf 89' lang='lat' dir='ltr'>in</span> <span class='ocrx_word' id='word_1_99' title='bbox 656 1540 805 1622; x_wconf 88' lang='lat' dir='ltr'>disyllabis</span> <span class='ocrx_word' id='word_1_100' title='bbox 823 1541 954 1602; x_wconf 84' lang='lat' dir='ltr'>breviare</span> <span class='ocrx_word' id='word_1_101' title='bbox 967 1543 1170 1618; x_wconf 87' lang='lat' dir='ltr'>consueverit;</span> <span class='ocrx_word' id='word_1_102' title='bbox 1186 1542 1237 1601; x_wconf 91' lang='lat' dir='ltr'>sed</span> <span class='ocrx_word' id='word_1_103' title='bbox 1249 1542 1317 1603; x_wconf 90' lang='lat' dir='ltr'>licet</span> <span class='ocrx_word' id='word_1_104' title='bbox 1329 1541 1404 1601; x_wconf 85' lang='lat' dir='ltr'>diffi-</span> 
     </span>
     <span class='ocr_line' id='line_1_13' title="bbox 343 1634 1406 1719; baseline 0 -24"><span class='ocrx_word' id='word_1_105' title='bbox 343 1635 481 1696; x_wconf 83' lang='lat' dir='ltr'>cultatem</span> <span class='ocrx_word' id='word_1_106' title='bbox 497 1634 644 1695; x_wconf 91' lang='lat' dir='ltr'>levissima</span> <span class='ocrx_word' id='word_1_107' title='bbox 657 1636 822 1695; x_wconf 90' lang='lat' dir='ltr'>mutatione</span> <span class='ocrx_word' id='word_1_108' title='bbox 835 1634 950 1712; x_wconf 91' lang='lat' dir='ltr'>tollere,</span> <span class='ocrx_word' id='word_1_109' title='bbox 968 1656 1056 1718; x_wconf 91' lang='lat' dir='ltr'>quam</span> <span class='ocrx_word' id='word_1_110' title='bbox 1072 1637 1228 1719; x_wconf 89' lang='lat' dir='ltr'>proposuit</span> <span class='ocrx_word' id='word_1_111' title='bbox 1243 1634 1365 1716; x_wconf 91' lang='lat' dir='ltr'>Bentley</span> <span class='ocrx_word' id='word_1_112' title='bbox 1377 1650 1406 1696; x_wconf 92' lang='lat' dir='ltr'>et</span> 
     </span>
     <span class='ocr_line' id='line_1_14' title="bbox 341 1726 1405 1810; baseline 0.001 -22"><span class='ocrx_word' id='word_1_113' title='bbox 341 1728 468 1810; x_wconf 86' lang='lat' dir='ltr'>praefert</span> <span class='ocrx_word' id='word_1_114' title='bbox 483 1726 665 1810; x_wconf 87' lang='lat' dir='ltr'>Sedlmayer,</span> <span class='ocrx_word' id='word_1_115' title='bbox 682 1754 696 1785; x_wconf 91' lang='lat'>«</span> <span class='ocrx_word' id='word_1_116' title='bbox 712 1729 842 1810; x_wconf 88' lang='lat' dir='ltr'>repende</span> <span class='ocrx_word' id='word_1_117' title='bbox 855 1749 939 1789; x_wconf 88' lang='lat' dir='ltr'>meae</span> <span class='ocrx_word' id='word_1_118' title='bbox 953 1754 981 1805; x_wconf 72' lang='lat' dir='ltr'>s,</span> <span class='ocrx_word' id='word_1_119' title='bbox 998 1729 1044 1789; x_wconf 89' lang='lat' dir='ltr'>vel</span> <span class='ocrx_word' id='word_1_120' title='bbox 1059 1730 1229 1789; x_wconf 88' lang='lat' dir='ltr'>Baehrensii</span> <span class='ocrx_word' id='word_1_121' title='bbox 1246 1729 1405 1789; x_wconf 89' lang='lat' dir='ltr'>lectionem</span> 
     </span>
     <span class='ocr_line' id='line_1_15' title="bbox 342 1821 1407 1905; baseline 0 -23"><span class='ocrx_word' id='word_1_122' title='bbox 342 1822 479 1903; x_wconf 89' lang='lat' dir='ltr'>amplecti</span> <span class='ocrx_word' id='word_1_123' title='bbox 500 1822 557 1905; x_wconf 83' lang='lat' dir='ltr'>(op.</span> <span class='ocrx_word' id='word_1_124' title='bbox 580 1821 640 1897; x_wconf 70' lang='lat' dir='ltr'>cil,</span> <span class='ocrx_word' id='word_1_125' title='bbox 668 1843 697 1903; x_wconf 92' lang='lat' dir='ltr'>p.</span> <span class='ocrx_word' id='word_1_126' title='bbox 729 1822 791 1903; x_wconf 84' lang='lat'>50),</span> <span class='ocrx_word' id='word_1_127' title='bbox 816 1847 830 1878; x_wconf 76' lang='lat' dir='ltr'>a</span> <span class='ocrx_word' id='word_1_128' title='bbox 851 1824 980 1904; x_wconf 91' lang='lat' dir='ltr'>repende</span> <span class='ocrx_word' id='word_1_129' title='bbox 1000 1843 1069 1883; x_wconf 89' lang='lat' dir='ltr'>meo</span> <span class='ocrx_word' id='word_1_130' title='bbox 1085 1847 1113 1898; x_wconf 86' lang='lat'>»,</span> <span class='ocrx_word' id='word_1_131' title='bbox 1140 1824 1195 1882; x_wconf 91' lang='lat' dir='ltr'>nisi</span> <span class='ocrx_word' id='word_1_132' title='bbox 1217 1823 1292 1883; x_wconf 90' lang='lat' dir='ltr'>forte</span> <span class='ocrx_word' id='word_1_133' title='bbox 1312 1821 1407 1903; x_wconf 89' lang='lat' dir='ltr'>placet</span> 
     </span>
     <span class='ocr_line' id='line_1_16' title="bbox 342 1914 1404 1997; baseline 0 -21"><span class='ocrx_word' id='word_1_134' title='bbox 342 1918 515 1997; x_wconf 87' lang='lat' dir='ltr'>scripturam</span> <span class='ocrx_word' id='word_1_135' title='bbox 536 1916 671 1975; x_wconf 88' lang='lat' dir='ltr'>traditam</span> <span class='ocrx_word' id='word_1_136' title='bbox 692 1917 819 1975; x_wconf 90' lang='lat' dir='ltr'>retinere</span> <span class='ocrx_word' id='word_1_137' title='bbox 837 1940 852 1971; x_wconf 77' lang='lat' dir='ltr'>e</span> <span class='ocrx_word' id='word_1_138' title='bbox 874 1936 960 1997; x_wconf 88' lang='lat' dir='ltr'>quae,</span> <span class='ocrx_word' id='word_1_139' title='bbox 980 1918 1034 1976; x_wconf 94' lang='lat' dir='ltr'>etsi</span> <span class='ocrx_word' id='word_1_140' title='bbox 1050 1915 1132 1976; x_wconf 93' lang='lat' dir='ltr'>nullo</span> <span class='ocrx_word' id='word_1_141' title='bbox 1150 1914 1251 1976; x_wconf 91' lang='lat' dir='ltr'>Ovidii</span> <span class='ocrx_word' id='word_1_142' title='bbox 1268 1914 1404 1997; x_wconf 81' lang='lat' dir='ltr'>exemplo</span> 
     </span>
     <span class='ocr_line' id='line_1_17' title="bbox 341 2008 1405 2092; baseline -0.002 -23"><span class='ocrx_word' id='word_1_143' title='bbox 341 2008 456 2092; x_wconf 89' lang='lat' dir='ltr'>probari</span> <span class='ocrx_word' id='word_1_144' title='bbox 476 2022 582 2089; x_wconf 90' lang='lat' dir='ltr'>potest,</span> <span class='ocrx_word' id='word_1_145' title='bbox 608 2028 668 2069; x_wconf 93' lang='lat' dir='ltr'>non</span> <span class='ocrx_word' id='word_1_146' title='bbox 695 2022 810 2069; x_wconf 90' lang='lat' dir='ltr'>tantum</span> <span class='ocrx_word' id='word_1_147' title='bbox 836 2009 1012 2070; x_wconf 89' lang='lat' dir='ltr'>offensionis</span> <span class='ocrx_word' id='word_1_148' title='bbox 1039 2009 1127 2070; x_wconf 93' lang='lat' dir='ltr'>habet</span> <span class='ocrx_word' id='word_1_149' title='bbox 1153 2023 1185 2068; x_wconf 91' lang='lat' dir='ltr'>ut</span> <span class='ocrx_word' id='word_1_150' title='bbox 1208 2009 1405 2070; x_wconf 89' lang='lat' dir='ltr'>emendatoris</span> 
     </span>
     <span class='ocr_line' id='line_1_18' title="bbox 341 2102 670 2184; baseline -0.012 -22"><span class='ocrx_word' id='word_1_151' title='bbox 341 2102 461 2184; x_wconf 92' lang='lat' dir='ltr'>ingenio</span> <span class='ocrx_word' id='word_1_152' title='bbox 478 2122 553 2183; x_wconf 91' lang='lat' dir='ltr'>opus</span> <span class='ocrx_word' id='word_1_153' title='bbox 569 2102 605 2161; x_wconf 92' lang='lat' dir='ltr'>sit</span> <span class='ocrx_word' id='word_1_154' title='bbox 617 2114 638 2161; x_wconf 65' lang='grc' dir='ltr'>Ξ.</span> <span class='ocrx_word' id='word_1_155' title='bbox 655 2126 670 2158; x_wconf 74' lang='lat' dir='ltr'>a</span> 
     </span>
    </p>

    <p class='ocr_par' dir='ltr' id='par_1_3' title="bbox 341 2193 1406 3589">
     <span class='ocr_line' id='line_1_19' title="bbox 382 2193 1405 2277; baseline 0 -22"><span class='ocrx_word' id='word_1_156' title='bbox 382 2198 414 2255; x_wconf 92' lang='lat' dir='ltr'>ln</span> <span class='ocrx_word' id='word_1_157' title='bbox 441 2193 615 2255; x_wconf 88' lang='lat' dir='ltr'>adhibendis</span> <span class='ocrx_word' id='word_1_158' title='bbox 641 2197 768 2256; x_wconf 89' lang='lat' dir='ltr'>caesuris</span> <span class='ocrx_word' id='word_1_159' title='bbox 795 2196 920 2256; x_wconf 90' lang='lat' dir='ltr'>eandem</span> <span class='ocrx_word' id='word_1_160' title='bbox 944 2210 1036 2256; x_wconf 90' lang='lat' dir='ltr'>artem</span> <span class='ocrx_word' id='word_1_161' title='bbox 1063 2196 1190 2257; x_wconf 85' lang='lat' dir='ltr'>Ovidius</span> <span class='ocrx_word' id='word_1_162' title='bbox 1214 2197 1244 2255; x_wconf 94' lang='lat' dir='ltr'>in</span> <span class='ocrx_word' id='word_1_163' title='bbox 1268 2196 1405 2277; x_wconf 88' lang='lat' dir='ltr'>Sapphus</span> 
     </span>
     <span class='ocr_line' id='line_1_20' title="bbox 341 2288 1406 2371; baseline -0.001 -23"><span class='ocrx_word' id='word_1_164' title='bbox 341 2290 425 2371; x_wconf 89' lang='lat' dir='ltr'>epist.</span> <span class='ocrx_word' id='word_1_165' title='bbox 454 2303 540 2370; x_wconf 89' lang='lat' dir='ltr'>atque</span> <span class='ocrx_word' id='word_1_166' title='bbox 565 2291 594 2348; x_wconf 95' lang='lat' dir='ltr'>in</span> <span class='ocrx_word' id='word_1_167' title='bbox 618 2289 720 2348; x_wconf 90' lang='lat' dir='ltr'>ceteris</span> <span class='ocrx_word' id='word_1_168' title='bbox 744 2288 923 2349; x_wconf 87' lang='lat' dir='ltr'>carminibus</span> <span class='ocrx_word' id='word_1_169' title='bbox 950 2289 1081 2365; x_wconf 81' lang='lat' dir='ltr'>exhibet,</span> <span class='ocrx_word' id='word_1_170' title='bbox 1117 2291 1190 2369; x_wconf 84' lang='lat' dir='ltr'>sicut</span> <span class='ocrx_word' id='word_1_171' title='bbox 1213 2288 1406 2369; x_wconf 90' lang='lat' dir='ltr'>Eschenburg</span> 
     </span>
     <span class='ocr_line' id='line_1_21' title="bbox 342 2381 1406 2463; baseline 0 -22"><span class='ocrx_word' id='word_1_172' title='bbox 342 2384 471 2443; x_wconf 89' lang='lat' dir='ltr'>numeris</span> <span class='ocrx_word' id='word_1_173' title='bbox 496 2381 651 2463; x_wconf 85' lang='lat' dir='ltr'>diligenter</span> <span class='ocrx_word' id='word_1_174' title='bbox 673 2382 785 2443; x_wconf 89' lang='lat' dir='ltr'>collatis</span> <span class='ocrx_word' id='word_1_175' title='bbox 808 2383 982 2443; x_wconf 89' lang='lat' dir='ltr'>monstravit</span> <span class='ocrx_word' id='word_1_176' title='bbox 991 2398 1014 2442; x_wconf 79' lang='lat'>4.</span> <span class='ocrx_word' id='word_1_177' title='bbox 1038 2382 1096 2443; x_wconf 87' lang='lat' dir='ltr'>Sed</span> <span class='ocrx_word' id='word_1_178' title='bbox 1115 2403 1233 2442; x_wconf 90' lang='lat' dir='ltr'>versum</span> <span class='ocrx_word' id='word_1_179' title='bbox 1266 2401 1317 2460; x_wconf 86' lang='lat'>113</span> <span class='ocrx_word' id='word_1_180' title='bbox 1347 2384 1406 2442; x_wconf 90' lang='lat' dir='ltr'>Birt</span> 
     </span>
     <span class='ocr_line' id='line_1_22' title="bbox 342 2474 1405 2559; baseline -0.001 -24"><span class='ocrx_word' id='word_1_181' title='bbox 342 2476 400 2559; x_wconf 80' lang='lat' dir='ltr'>(op.</span> <span class='ocrx_word' id='word_1_182' title='bbox 415 2475 475 2551; x_wconf 63' lang='lat' dir='ltr'>cit„</span> <span class='ocrx_word' id='word_1_183' title='bbox 494 2495 524 2556; x_wconf 80' lang='lat' dir='ltr'>p.</span> <span class='ocrx_word' id='word_1_184' title='bbox 544 2488 615 2555; x_wconf 83' lang='lat'><em>390)</em></span> <span class='ocrx_word' id='word_1_185' title='bbox 628 2474 663 2535; x_wconf 90' lang='lat' dir='ltr'>ab</span> <span class='ocrx_word' id='word_1_186' title='bbox 680 2476 782 2536; x_wconf 91' lang='lat' dir='ltr'>Ovidii</span> <span class='ocrx_word' id='word_1_187' title='bbox 793 2496 847 2536; x_wconf 91' lang='lat' dir='ltr'>usu</span> <span class='ocrx_word' id='word_1_188' title='bbox 864 2475 993 2536; x_wconf 89' lang='lat' dir='ltr'>alienum</span> <span class='ocrx_word' id='word_1_189' title='bbox 1008 2475 1145 2552; x_wconf 89' lang='lat' dir='ltr'>declarat,</span> <span class='ocrx_word' id='word_1_190' title='bbox 1162 2477 1272 2558; x_wconf 91' lang='lat' dir='ltr'>quippe</span> <span class='ocrx_word' id='word_1_191' title='bbox 1282 2477 1333 2557; x_wconf 91' lang='lat' dir='ltr'>qui</span> <span class='ocrx_word' id='word_1_192' title='bbox 1345 2497 1405 2535; x_wconf 93' lang='lat' dir='ltr'>non</span> 
     </span>
     <span class='ocr_line' id='line_1_23' title="bbox 342 2568 1406 2650; baseline 0 -21"><span class='ocrx_word' id='word_1_193' title='bbox 342 2571 476 2630; x_wconf 87' lang='lat' dir='ltr'>odiosam</span> <span class='ocrx_word' id='word_1_194' title='bbox 506 2568 603 2629; x_wconf 90' lang='lat' dir='ltr'>solum</span> <span class='ocrx_word' id='word_1_195' title='bbox 625 2568 763 2649; x_wconf 89' lang='lat' dir='ltr'>praebeat</span> <span class='ocrx_word' id='word_1_196' title='bbox 787 2568 915 2629; x_wconf 89' lang='lat' dir='ltr'>formam</span> <span class='ocrx_word' id='word_1_197' title='bbox 942 2590 1080 2630; x_wconf 89' lang='lat' dir='ltr'>sermone</span> <span class='ocrx_word' id='word_1_198' title='bbox 1101 2584 1170 2650; x_wconf 91' lang='lat' dir='ltr'>post</span> <span class='ocrx_word' id='word_1_199' title='bbox 1191 2569 1350 2630; x_wconf 88' lang='lat' dir='ltr'>secundam</span> <span class='ocrx_word' id='word_1_200' title='bbox 1378 2583 1406 2629; x_wconf 92' lang='lat' dir='ltr'>et</span> 
     </span>
     <span class='ocr_line' id='line_1_24' title="bbox 342 2662 1406 2744; baseline 0 -22"><span class='ocrx_word' id='word_1_201' title='bbox 342 2677 475 2744; x_wconf 86' lang='lat' dir='ltr'>quartam</span> <span class='ocrx_word' id='word_1_202' title='bbox 491 2664 568 2723; x_wconf 88' lang='lat' dir='ltr'>arsin</span> <span class='ocrx_word' id='word_1_203' title='bbox 584 2663 689 2738; x_wconf 92' lang='lat' dir='ltr'>inciso,</span> <span class='ocrx_word' id='word_1_204' title='bbox 707 2662 758 2721; x_wconf 91' lang='lat' dir='ltr'>sed</span> <span class='ocrx_word' id='word_1_205' title='bbox 773 2664 871 2743; x_wconf 93' lang='lat' dir='ltr'>primo</span> <span class='ocrx_word' id='word_1_206' title='bbox 887 2664 976 2723; x_wconf 91' lang='lat' dir='ltr'>etiam</span> <span class='ocrx_word' id='word_1_207' title='bbox 995 2664 1070 2744; x_wconf 90' lang='lat' dir='ltr'>pede</span> <span class='ocrx_word' id='word_1_208' title='bbox 1091 2664 1281 2743; x_wconf 88' lang='lat' dir='ltr'>spondiacam</span> <span class='ocrx_word' id='word_1_209' title='bbox 1300 2682 1406 2722; x_wconf 87' lang='lat' dir='ltr'>vocem</span> 
     </span>
     <span class='ocr_line' id='line_1_25' title="bbox 343 2755 1405 2838; baseline 0 -23"><span class='ocrx_word' id='word_1_210' title='bbox 343 2757 503 2831; x_wconf 89' lang='lat' dir='ltr'>contineat,</span> <span class='ocrx_word' id='word_1_211' title='bbox 523 2756 552 2815; x_wconf 94' lang='lat' dir='ltr'>id</span> <span class='ocrx_word' id='word_1_212' title='bbox 567 2756 647 2836; x_wconf 94' lang='lat' dir='ltr'>quod</span> <span class='ocrx_word' id='word_1_213' title='bbox 661 2775 722 2815; x_wconf 92' lang='lat' dir='ltr'>non</span> <span class='ocrx_word' id='word_1_214' title='bbox 742 2757 942 2816; x_wconf 86' lang='lat' dir='ltr'>concesserint</span> <span class='ocrx_word' id='word_1_215' title='bbox 960 2755 1014 2815; x_wconf 89' lang='lat' dir='ltr'>sibi</span> <span class='ocrx_word' id='word_1_216' title='bbox 1030 2758 1085 2815; x_wconf 93' lang='lat' dir='ltr'>nisi</span> <span class='ocrx_word' id='word_1_217' title='bbox 1099 2758 1255 2838; x_wconf 87' lang='lat' dir='ltr'>scriptores</span> <span class='ocrx_word' id='word_1_218' title='bbox 1275 2776 1405 2817; x_wconf 89' lang='lat' dir='ltr'>caesura-</span> 
     </span>
     <span class='ocr_line' id='line_1_26' title="bbox 342 2848 1406 2932; baseline 0.001 -24"><span class='ocrx_word' id='word_1_219' title='bbox 342 2870 407 2909; x_wconf 94' lang='lat' dir='ltr'>rum</span> <span class='ocrx_word' id='word_1_220' title='bbox 430 2848 691 2930; x_wconf 89' lang='lat' dir='ltr'>neglegentissimi.</span> <span class='ocrx_word' id='word_1_221' title='bbox 710 2851 791 2909; x_wconf 94' lang='lat' dir='ltr'>Pone</span> <span class='ocrx_word' id='word_1_222' title='bbox 811 2851 909 2931; x_wconf 88' lang='lat' dir='ltr'>igitur,</span> <span class='ocrx_word' id='word_1_223' title='bbox 927 2850 951 2908; x_wconf 89' lang='lat' dir='ltr'>si</span> <span class='ocrx_word' id='word_1_224' title='bbox 969 2849 1051 2922; x_wconf 89' lang='lat' dir='ltr'>libet,</span> <span class='ocrx_word' id='word_1_225' title='bbox 1072 2874 1086 2906; x_wconf 88' lang='lat'>«</span> <span class='ocrx_word' id='word_1_226' title='bbox 1107 2851 1257 2910; x_wconf 91' lang='lat' dir='ltr'>imminuit</span> <span class='ocrx_word' id='word_1_227' title='bbox 1277 2874 1305 2925; x_wconf 75' lang='lat' dir='ltr'>a,</span> <span class='ocrx_word' id='word_1_228' title='bbox 1327 2849 1406 2932; x_wconf 91' lang='lat' dir='ltr'>quod</span> 
     </span>
     <span class='ocr_line' id='line_1_27' title="bbox 342 2941 1405 3024; baseline 0 -23"><span class='ocrx_word' id='word_1_229' title='bbox 342 2942 440 3003; x_wconf 86' lang='lat' dir='ltr'>ferunt</span> <span class='ocrx_word' id='word_1_230' title='bbox 454 2941 539 3002; x_wconf 92' lang='lat' dir='ltr'>multi</span> <span class='ocrx_word' id='word_1_231' title='bbox 552 2942 668 3002; x_wconf 90' lang='lat' dir='ltr'>codices</span> <span class='ocrx_word' id='word_1_232' title='bbox 683 2956 712 3002; x_wconf 93' lang='lat' dir='ltr'>et</span> <span class='ocrx_word' id='word_1_233' title='bbox 727 2942 830 3022; x_wconf 91' lang='lat' dir='ltr'>probat</span> <span class='ocrx_word' id='word_1_234' title='bbox 843 2943 991 3002; x_wconf 89' lang='lat' dir='ltr'>Baehrens</span> <span class='ocrx_word' id='word_1_235' title='bbox 1006 2941 1026 3001; x_wconf 94' lang='lat' dir='ltr'>l.</span> <span class='ocrx_word' id='word_1_236' title='bbox 1044 2963 1084 3017; x_wconf 91' lang='lat' dir='ltr'>c.,</span> <span class='ocrx_word' id='word_1_237' title='bbox 1100 2943 1148 3003; x_wconf 83' lang='lat' dir='ltr'>vel</span> <span class='ocrx_word' id='word_1_238' title='bbox 1165 2968 1180 2999; x_wconf 78' lang='lat' dir='ltr'>u</span> <span class='ocrx_word' id='word_1_239' title='bbox 1203 2957 1361 3024; x_wconf 90' lang='lat' dir='ltr'>postquam</span> <span class='ocrx_word' id='word_1_240' title='bbox 1377 2963 1405 3001; x_wconf 90' lang='lat' dir='ltr'>se</span> 
     </span>
     <span class='ocr_line' id='line_1_28' title="bbox 342 3035 1405 3117; baseline -0.001 -22"><span class='ocrx_word' id='word_1_241' title='bbox 342 3051 444 3117; x_wconf 91' lang='lat' dir='ltr'>torpor</span> <span class='ocrx_word' id='word_1_242' title='bbox 464 3037 571 3095; x_wconf 91' lang='lat' dir='ltr'>minuit</span> <span class='ocrx_word' id='word_1_243' title='bbox 587 3060 601 3092; x_wconf 75' lang='lat'>&gt;2</span> <span class='ocrx_word' id='word_1_244' title='bbox 618 3036 699 3117; x_wconf 91' lang='lat' dir='ltr'>quod</span> <span class='ocrx_word' id='word_1_245' title='bbox 713 3037 829 3095; x_wconf 91' lang='lat' dir='ltr'>Vriesio</span> <span class='ocrx_word' id='word_1_246' title='bbox 844 3035 950 3117; x_wconf 89' lang='lat' dir='ltr'>placet,</span> <span class='ocrx_word' id='word_1_247' title='bbox 967 3035 1014 3095; x_wconf 92' lang='lat' dir='ltr'>vel</span> <span class='ocrx_word' id='word_1_248' title='bbox 1027 3038 1114 3096; x_wconf 89' lang='lat' dir='ltr'>etiarn</span> <span class='ocrx_word' id='word_1_249' title='bbox 1135 3035 1327 3095; x_wconf 86' lang='lat' dir='ltr'>insanabilem</span> <span class='ocrx_word' id='word_1_250' title='bbox 1343 3056 1405 3096; x_wconf 90' lang='lat' dir='ltr'>cor·</span> 
     </span>
     <span class='ocr_line' id='line_1_29' title="bbox 343 3128 1406 3211; baseline -0.001 -22"><span class='ocrx_word' id='word_1_251' title='bbox 343 3128 487 3211; x_wconf 90' lang='lat' dir='ltr'>ruptelam</span> <span class='ocrx_word' id='word_1_252' title='bbox 502 3143 582 3210; x_wconf 88' lang='lat' dir='ltr'>puta.</span> <span class='ocrx_word' id='word_1_253' title='bbox 607 3129 689 3200; x_wconf 93' lang='lat' dir='ltr'>Quid</span> <span class='ocrx_word' id='word_1_254' title='bbox 704 3132 789 3189; x_wconf 89' lang='lat' dir='ltr'>tum?</span> <span class='ocrx_word' id='word_1_255' title='bbox 805 3129 887 3188; x_wconf 88' lang='lat' dir='ltr'>Nihil</span> <span class='ocrx_word' id='word_1_256' title='bbox 902 3130 970 3189; x_wconf 92' lang='lat' dir='ltr'>inde</span> <span class='ocrx_word' id='word_1_257' title='bbox 988 3131 1130 3211; x_wconf 83' lang='lat' dir='ltr'>sequitur,</span> <span class='ocrx_word' id='word_1_258' title='bbox 1148 3131 1204 3188; x_wconf 89' lang='lat' dir='ltr'>nisi</span> <span class='ocrx_word' id='word_1_259' title='bbox 1219 3130 1406 3209; x_wconf 89' lang='lat' dir='ltr'>depravatam</span> 
     </span>
     <span class='ocr_line' id='line_1_30' title="bbox 342 3223 1406 3305; baseline -0.002 -22"><span class='ocrx_word' id='word_1_260' title='bbox 342 3223 511 3283; x_wconf 79' lang='lat' dir='ltr'>foedissime</span> <span class='ocrx_word' id='word_1_261' title='bbox 532 3224 619 3283; x_wconf 89' lang='lat' dir='ltr'>huius</span> <span class='ocrx_word' id='word_1_262' title='bbox 641 3224 778 3283; x_wconf 90' lang='lat' dir='ltr'>carminis</span> <span class='ocrx_word' id='word_1_263' title='bbox 801 3224 986 3305; x_wconf 90' lang='lat' dir='ltr'>scripturam,</span> <span class='ocrx_word' id='word_1_264' title='bbox 1010 3224 1133 3283; x_wconf 90' lang='lat' dir='ltr'>minime</span> <span class='ocrx_word' id='word_1_265' title='bbox 1157 3237 1255 3283; x_wconf 90' lang='lat' dir='ltr'>autem</span> <span class='ocrx_word' id='word_1_266' title='bbox 1278 3224 1406 3304; x_wconf 88' lang='lat' dir='ltr'>spuriam</span> 
     </span>
     <span class='ocr_line' id='line_1_31' title="bbox 343 3310 1405 3402; baseline -0.002 -21"><span class='ocrx_word' id='word_1_267' title='bbox 343 3342 406 3381; x_wconf 90' lang='lat' dir='ltr'>esse</span> <span class='ocrx_word' id='word_1_268' title='bbox 429 3310 521 3381; x_wconf 90' lang='lat' dir='ltr'>totam</span> <span class='ocrx_word' id='word_1_269' title='bbox 543 3319 710 3402; x_wconf 89' lang='lat' dir='ltr'>epistulam.</span> <span class='ocrx_word' id='word_1_270' title='bbox 727 3320 817 3401; x_wconf 88' lang='lat' dir='ltr'>Igitur</span> <span class='ocrx_word' id='word_1_271' title='bbox 838 3321 919 3402; x_wconf 93' lang='lat' dir='ltr'>quod</span> <span class='ocrx_word' id='word_1_272' title='bbox 938 3321 974 3380; x_wconf 93' lang='lat' dir='ltr'>ad</span> <span class='ocrx_word' id='word_1_273' title='bbox 995 3322 1147 3380; x_wconf 91' lang='lat' dir='ltr'>metricam</span> <span class='ocrx_word' id='word_1_274' title='bbox 1167 3334 1258 3380; x_wconf 90' lang='lat' dir='ltr'>artem</span> <span class='ocrx_word' id='word_1_275' title='bbox 1283 3334 1405 3401; x_wconf 88' lang='lat' dir='ltr'>spectat,</span> 
     </span>
     <span class='ocr_line' id='line_1_32' title="bbox 345 3413 1406 3496; baseline -0.001 -23"><span class='ocrx_word' id='word_1_276' title='bbox 345 3414 461 3495; x_wconf 89' lang='lat' dir='ltr'>neglegi</span> <span class='ocrx_word' id='word_1_277' title='bbox 475 3434 585 3495; x_wconf 92' lang='lat' dir='ltr'>paucae</span> <span class='ocrx_word' id='word_1_278' title='bbox 596 3413 770 3496; x_wconf 91' lang='lat' dir='ltr'>quisquiliae</span> <span class='ocrx_word' id='word_1_279' title='bbox 785 3429 920 3495; x_wconf 87' lang='lat' dir='ltr'>possunt,</span> <span class='ocrx_word' id='word_1_280' title='bbox 935 3428 964 3474; x_wconf 92' lang='lat' dir='ltr'>et</span> <span class='ocrx_word' id='word_1_281' title='bbox 975 3415 1082 3474; x_wconf 90' lang='lat' dir='ltr'>Vriesii</span> <span class='ocrx_word' id='word_1_282' title='bbox 1095 3413 1406 3493; x_wconf 89' lang='lat' dir='ltr'>sententiamamplec·</span> 
     </span>
     <span class='ocr_line' id='line_1_33' title="bbox 343 3507 1406 3589; baseline -0.002 -22"><span class='ocrx_word' id='word_1_283' title='bbox 343 3522 400 3583; x_wconf 89' lang='lat' dir='ltr'>tor,</span> <span class='ocrx_word' id='word_1_284' title='bbox 417 3516 459 3589; x_wconf 80' lang='lat' dir='ltr'>op.</span> <span class='ocrx_word' id='word_1_285' title='bbox 474 3507 533 3583; x_wconf 59' lang='lat' dir='ltr'>cit„</span> <span class='ocrx_word' id='word_1_286' title='bbox 550 3528 579 3589; x_wconf 89' lang='lat' dir='ltr'>p.</span> <span class='ocrx_word' id='word_1_287' title='bbox 599 3528 651 3583; x_wconf 88' lang='lat'>141</span> <span class='ocrx_word' id='word_1_288' title='bbox 675 3529 682 3567; x_wconf 93' lang='lat'><strong>:</strong></span> <span class='ocrx_word' id='word_1_289' title='bbox 702 3532 716 3564; x_wconf 88' lang='lat'>«</span> <span class='ocrx_word' id='word_1_290' title='bbox 735 3508 778 3567; x_wconf 91' lang='lat' dir='ltr'>De</span> <span class='ocrx_word' id='word_1_291' title='bbox 798 3508 919 3567; x_wconf 89' lang='lat' dir='ltr'>metrica</span> <span class='ocrx_word' id='word_1_292' title='bbox 934 3521 994 3566; x_wconf 90' lang='lat' dir='ltr'>arte</span> <span class='ocrx_word' id='word_1_293' title='bbox 1014 3508 1064 3567; x_wconf 80' lang='lat' dir='ltr'>vix</span> <span class='ocrx_word' id='word_1_294' title='bbox 1078 3528 1166 3588; x_wconf 89' lang='lat' dir='ltr'>posse</span> <span class='ocrx_word' id='word_1_295' title='bbox 1186 3507 1268 3567; x_wconf 89' lang='lat' dir='ltr'>aliter</span> <span class='ocrx_word' id='word_1_296' title='bbox 1286 3507 1406 3567; x_wconf 91' lang='lat' dir='ltr'>iudicari</span> 
     </span>
    </p>
   </div>
   <div class='ocr_carea' id='block_1_3' title="bbox 346 3662 1404 4028">
    <p class='ocr_par' dir='ltr' id='par_1_4' title="bbox 346 3662 1404 3803">
     <span class='ocr_line' id='line_1_34' title="bbox 377 3662 1404 3726; baseline -0.002 -15"><span class='ocrx_word' id='word_1_297' title='bbox 377 3679 398 3712; x_wconf 85' lang='lat'>1.</span> <span class='ocrx_word' id='word_1_298' title='bbox 416 3665 450 3711; x_wconf 80' lang='lat' dir='ltr'>De</span> <span class='ocrx_word' id='word_1_299' title='bbox 461 3663 534 3725; x_wconf 78' lang='lat' dir='ltr'>Epist.</span> <span class='ocrx_word' id='word_1_300' title='bbox 553 3663 652 3725; x_wconf 78' lang='lat' dir='ltr'>Sapphus</span> <span class='ocrx_word' id='word_1_301' title='bbox 667 3664 696 3709; x_wconf 84' lang='lat' dir='ltr'>ad</span> <span class='ocrx_word' id='word_1_302' title='bbox 712 3664 742 3711; x_wconf 93' lang='lat' dir='ltr'>D.</span> <span class='ocrx_word' id='word_1_303' title='bbox 763 3665 936 3726; x_wconf 77' lang='lat' dir='ltr'>Comparcltium</span> <span class='ocrx_word' id='word_1_304' title='bbox 953 3664 1046 3720; x_wconf 76' lang='lat' dir='ltr'>litterae,</span> <span class='ocrx_word' id='word_1_305' title='bbox 1065 3665 1090 3710; x_wconf 93' lang='lat' dir='ltr'>in</span> <span class='ocrx_word' id='word_1_306' title='bbox 1105 3664 1195 3710; x_wconf 84' lang='lat' dir='ltr'>Rivista</span> <span class='ocrx_word' id='word_1_307' title='bbox 1211 3663 1234 3709; x_wconf 90' lang='lat' dir='ltr'>di</span> <span class='ocrx_word' id='word_1_308' title='bbox 1252 3662 1368 3725; x_wconf 90' lang='lat' dir='ltr'>Filologia</span> <span class='ocrx_word' id='word_1_309' title='bbox 1384 3679 1404 3709; x_wconf 85' lang='lat' dir='ltr'>a.</span> 
     </span>
     <span class='ocr_line' id='line_1_35' title="bbox 346 3737 670 3803; baseline 0.003 -4"><span class='ocrx_word' id='word_1_310' title='bbox 346 3740 413 3799; x_wconf 78' lang='lat'>1885,</span> <span class='ocrx_word' id='word_1_311' title='bbox 425 3755 447 3801; x_wconf 77' lang='lat' dir='ltr'>n</span> <span class='ocrx_word' id='word_1_312' title='bbox 459 3737 582 3801; x_wconf 71' lang='lat' dir='ltr'>49-67·V-</span> <span class='ocrx_word' id='word_1_313' title='bbox 598 3755 620 3803; x_wconf 83' lang='lat' dir='ltr'>r·</span> <span class='ocrx_word' id='word_1_314' title='bbox 635 3739 670 3800; x_wconf 83' lang='lat'>58·</span> 
     </span>
    </p>

    <p class='ocr_par' dir='ltr' id='par_1_5' title="bbox 375 3813 1137 3878">
     <span class='ocr_line' id='line_1_36' title="bbox 375 3813 1137 3878; baseline 0 -17"><span class='ocrx_word' id='word_1_315' title='bbox 375 3830 397 3862; x_wconf 89' lang='lat'>2.</span> <span class='ocrx_word' id='word_1_316' title='bbox 431 3814 462 3862; x_wconf 88' lang='lat' dir='ltr'>N.</span> <span class='ocrx_word' id='word_1_317' title='bbox 475 3813 559 3871; x_wconf 84' lang='lat' dir='ltr'>Barbu,</span> <span class='ocrx_word' id='word_1_318' title='bbox 575 3815 609 3860; x_wconf 84' lang='lat' dir='ltr'>De</span> <span class='ocrx_word' id='word_1_319' title='bbox 621 3814 719 3876; x_wconf 85' lang='lat' dir='ltr'>Sapphus</span> <span class='ocrx_word' id='word_1_320' title='bbox 728 3815 789 3876; x_wconf 79' lang='lat' dir='ltr'>epist.</span> <span class='ocrx_word' id='word_1_321' title='bbox 805 3815 918 3870; x_wconf 89' lang='lat' dir='ltr'>Berolini‚</span> <span class='ocrx_word' id='word_1_322' title='bbox 934 3814 1001 3876; x_wconf 89' lang='lat'><em>1887.</em></span> <span class='ocrx_word' id='word_1_323' title='bbox 1016 3814 1048 3861; x_wconf 91' lang='lat' dir='ltr'>V.</span> <span class='ocrx_word' id='word_1_324' title='bbox 1062 3830 1084 3878; x_wconf 93' lang='lat' dir='ltr'>p.</span> <span class='ocrx_word' id='word_1_325' title='bbox 1100 3827 1137 3873; x_wconf 81' lang='lat'>30.</span> 
     </span>
    </p>

    <p class='ocr_par' dir='ltr' id='par_1_6' title="bbox 377 3889 1096 3952">
     <span class='ocr_line' id='line_1_37' title="bbox 377 3889 1096 3952; baseline 0 -16"><span class='ocrx_word' id='word_1_326' title='bbox 377 3905 397 3951; x_wconf 66' lang='grc' dir='ltr'>ς.</span> <span class='ocrx_word' id='word_1_327' title='bbox 431 3889 516 3946; x_wconf 90' lang='lat' dir='ltr'>Barbu,</span> <span class='ocrx_word' id='word_1_328' title='bbox 528 3898 561 3951; x_wconf 83' lang='lat' dir='ltr'>op.</span> <span class='ocrx_word' id='word_1_329' title='bbox 573 3890 621 3947; x_wconf 70' lang='lat' dir='ltr'>cit„</span> <span class='ocrx_word' id='word_1_330' title='bbox 633 3906 655 3951; x_wconf 87' lang='lat' dir='ltr'>p.</span> <span class='ocrx_word' id='word_1_331' title='bbox 671 3904 707 3950; x_wconf 77' lang='lat'>34.</span> <span class='ocrx_word' id='word_1_332' title='bbox 719 3889 756 3937; x_wconf 90' lang='lat' dir='ltr'>Cf.</span> <span class='ocrx_word' id='word_1_333' title='bbox 771 3892 807 3937; x_wconf 93' lang='lat' dir='ltr'>De</span> <span class='ocrx_word' id='word_1_334' title='bbox 820 3891 900 3948; x_wconf 89' lang='lat' dir='ltr'>Vries,</span> <span class='ocrx_word' id='word_1_335' title='bbox 914 3898 947 3952; x_wconf 83' lang='lat' dir='ltr'>op.</span> <span class='ocrx_word' id='word_1_336' title='bbox 959 3891 1009 3947; x_wconf 62' lang='lat' dir='ltr'>cib,</span> <span class='ocrx_word' id='word_1_337' title='bbox 1021 3905 1043 3951; x_wconf 88' lang='lat' dir='ltr'>p.</span> <span class='ocrx_word' id='word_1_338' title='bbox 1058 3904 1096 3952; x_wconf 86' lang='lat'>49.</span> 
     </span>
    </p>

    <p class='ocr_par' dir='ltr' id='par_1_7' title="bbox 375 3965 784 4028">
     <span class='ocr_line' id='line_1_38' title="bbox 375 3965 784 4028; baseline 0.002 -16"><span class='ocrx_word' id='word_1_339' title='bbox 375 3980 398 4025; x_wconf 84' lang='lat'>4.</span> <span class='ocrx_word' id='word_1_340' title='bbox 432 3965 500 4013; x_wconf 81' lang='lat' dir='ltr'>Metr.</span> <span class='ocrx_word' id='word_1_341' title='bbox 520 3965 584 4021; x_wconf 72' lang='lat' dir='ltr'>Una,</span> <span class='ocrx_word' id='word_1_342' title='bbox 599 3973 632 4027; x_wconf 84' lang='lat' dir='ltr'>op.</span> <span class='ocrx_word' id='word_1_343' title='bbox 645 3966 694 4023; x_wconf 74' lang='lat' dir='ltr'>aih,</span> <span class='ocrx_word' id='word_1_344' title='bbox 709 3981 731 4027; x_wconf 93' lang='lat' dir='ltr'>p.</span> <span class='ocrx_word' id='word_1_345' title='bbox 748 3980 784 4028; x_wconf 91' lang='lat'>19.</span> 
     </span>
    </p>
   </div>
   <div class='ocr_carea' id='block_1_4' title="bbox 0 0 1589 5017">
    <p class='ocr_par' dir='ltr' id='par_1_8' title="bbox 0 0 1589 5017">
     <span class='ocr_line' id='line_1_39' title="bbox 0 0 1589 5017; baseline 0 0"><span class='ocrx_word' id='word_1_346' title='bbox 0 0 1589 5017; x_wconf 95' lang='lat' dir='ltr'> </span> 
     </span>
    </p>
   </div>
  </div>
 </body>
</html>
