3159 5017
660 537 803 596 ,9-

198 652 308 727 verbis,
328 654 359 713 in
378 651 618 727 Declamatione,
639 654 677 725 ll,
699 670 746 727 11,
762 651 837 713 haec
851 652 1018 713 narrantis:
1033 658 1055 709 'e
1071 650 1200 733 Rogatus
1215 651 1275 717 ali·⁴

198 747 316 830 quando
334 744 370 807 ab
387 746 489 809 amicis
508 748 567 807 suis
585 758 618 805 ut
632 745 751 807 tolleret
766 758 827 805 tres
843 764 957 820 versus,
972 746 1077 827 petivit
1089 746 1217 808 invicem
1232 759 1265 808 ut

198 855 255 902 tres
271 840 430 921 exciperet,
447 840 477 899 in
495 859 570 922 quos
586 838 643 900 illis
655 839 729 900 nihil
741 838 853 901 liceret.
868 840 1114 921 Conscripserunt
1128 838 1171 900 illi
1189 859 1275 922 quos.

196 932 261 996 tolli
272 933 393 1009 vellent,
409 946 523 995 secreto
536 934 586 993 hic
598 952 674 1015 quos
688 946 769 993 tutos
782 951 846 993 esse
861 930 963 994 vellet.
983 935 1017 993 ln
1032 934 1163 1016 utrisque
1178 932 1263 997 codi-

198 1027 273 1089 cillis
298 1026 389 1089 iidem
412 1046 515 1089 versus
544 1039 636 1087 erant.
658 1028 702 1087 Ex
728 1024 839 1107 quilius
859 1027 990 1108 primum
1014 1026 1105 1089 fuisse
1131 1025 1264 1090 narrabat

195 1120 401 1185 Albinovanus
414 1120 506 1197 Ped0,
523 1121 575 1202 qui
589 1121 666 1180 iuter
679 1118 804 1180 arbitros
821 1119 878 1180 fuit
894 1142 903 1182 a
1266 1130 1271 1139 ‘

210 1254 219 1263 λ’
310 1338 312 1341 Ι
380 1268 632 1345 'Semibovemque
646 1266 744 1335 virum,
758 1267 967 1341 semivirumque
978 1268 1085 1337 bovem,

195 1407 359 1469 secundum
375 1428 384 1469 a

405 1540 547 1615 Egelidum
559 1542 671 1609 Borean,
688 1540 879 1615 egelidumque
892 1541 996 1629 ilotum
1087 1523 1089 1527 ’

195 1696 230 1737 ex
250 1694 310 1759 quo
333 1688 452 1757 apparet
472 1676 581 1735 summi
601 1674 714 1757 ingenii
732 1675 798 1735 viro
821 1694 883 1745 non
907 1667 1050 1738 iudicium
1073 1672 1202 1735 defuisse
1226 1674 1262 1735 ad

195 1770 441 1852 compescendam
475 1767 626 1842 licentiam
661 1768 825 1838 carminum
858 1788 994 1844 suorum,
1029 1765 1259 1844 sed‘animum3

194 1863 288 1924 aiebat
310 1864 391 1924 enim
413 1861 615 1923 decentiorem
634 1880 699 1923 esse
729 1861 847 1936 faciem,
879 1863 908 1921 in
934 1882 991 1945 qua
1021 1861 1125 1945 aliquis
1151 1880 1261 1923 naevus

193 1949 315 2017 inesset.
332 1978 347 2013 a
368 1957 459 2037 lgitur
471 1945 600 2017 diversas
613 1945 678 2015 illas
693 1954 732 2016 ob
749 1974 850 2015 causas
862 1955 1010 2036 reicienda
1023 1956 1140 2035 videtur
1154 1954 1262 2037 duplex

195 2050 296 2135 editio,
310 2069 407 2132 neque
419 2048 498 2111 aliud
509 2046 644 2116 versibus
660 2049 810 2131 exagitatis
825 2048 967 2119 indicavit
978 2062 1068 2131 poeta
1077 2068 1166 2133 quam
1178 2068 1260 2120 seve·

194 2163 255 2210 ram
280 2144 501 2225 castigationem
527 2162 585 2225 qua
605 2140 747 2209 iuvenilia
776 2142 904 2204 carmina
933 2142 1075 2219 coercuit,
1098 2137 1261 2225 antequam

192 2237 336 2320 vulgaret.
1106 2255 1109 2260 ’
1198 2269 1200 2274 v
1263 2239 1271 2262 ·‘

234 2332 269 2391 In
288 2330 598 2410 monumentis'igitur
611 2330 805 2412 antiquitatis,
828 2330 910 2411 quod
930 2329 1091 2402 secundam
1113 2322 1270 2407 recensio·x

194 2445 262 2485 nem
277 2437 409 2499 testetur,
430 2424 505 2487 nihil
520 2424 645 2484 omnino
658 2424 813 2505 repetitur·
829 2425 891 2485 lam
909 2423 933 2482 si
947 2423 1112 2505 perpendas
1124 2416 1263 2505 'genuset

193 2516 346 2579 materiam
353 2518 462 2601 operis,
473 2516 626 2599 intellegas
638 2536 726 2599 quam
742 2530 939 2578 consentanea
949 2516 1115 2580 Ovidianae
1126 2511 1270 2591 iuuentae¹

192 2633 259 2694 pars
279 2613 353 2673 haec
369 2632 495 2694 operum
513 2611 561 2686 sit,
583 2624 688 2692 utpote
709 2625 886 2693 argumento
908 2630 944 2670 ex
961 2609 1113 2671 amoribus
1132 2610 1261 2671 deducto

193 2706 338 2787 imprimis
349 2704 498 2771 iuvenilis.
513 2705 542 2767 Si
557 2717 586 2765 et
599 2704 673 2765 illud
688 2704 827 2786 respicio,
841 2717 1080 2787 apoetanostro,
1092 2702 1262 2787 quanquam

192 2798 286 2859 laudis
307 2798 514 2880 cupidissimus
534 2811 611 2864 esset
623 2811 663 2873 et,
674 2798 805 2859 Corinna
817 2818 871 2880 per
885 2796 990 2858 urbem
1005 2811 1129 2872 cantata,
1149 2798 1269 2879 ingenii·

193 2912 299 2973 magna
317 2892 394 2952 fama
414 2891 545 2967 floreret,
564 2889 683 2952 nullum
701 2882 823 2951 maioris
842 2891 983 2972 ponderis
1006 2911 1083 2973 opus
1104 2892 1162 2951 iam
1184 2887 1268 2966 tum,

192 2999 307 3067 praeter
318 2985 455 3053 Medeam
468 2983 609 3059 fabulam,
626 2984 739 3045 editum
752 2983 854 3059 fuisse,
870 2985 921 3057 vix·
932 2983 1074 3046 credibile
1089 2985 1164 3047 mihi
1178 2985 1261 3060 vide-

192 3092 241 3139 tur
257 3078 382 3139 emissos
397 3078 507 3139 tardius
522 3079 553 3138 in
568 3077 723 3159 publicum
737 3078 808 3138 Am.
827 3076 930 3138 libros.
948 3079 1016 3138 Hoc
1031 3098 1151 3161 quoque
1163 3078 1260 3154 consi-

193 3170 356 3239 derandum
375 3172 472 3247 venit,
491 3171 572 3255 quod
589 3185 656 3232 ante
673 3173 886 3253 relegationem
906 3192 996 3253 opera
1018 3171 1146 3234 Ovidius
1167 3166 1270 3233 multa¹

192 3284 357 3347 magnaque
376 3265 508 3347 perfecit,
532 3278 562 3325 et
586 3276 654 3347 post
676 3266 802 3325 Amores
821 3265 852 3325 in
875 3267 939 3330 Art.
962 3267 1045 3341 Am,
1071 3266 1156 3327 Rem.
1177 3267 1260 3341 Am,

192 3358 303 3420 Medic.
326 3358 422 3433 faciei,
443 3359 567 3421 Metam.
592 3360 805 3441 Fastorumque
826 3357 908 3418 libris
932 3358 1094 3420 scribendis
1119 3373 1262 3441 occupata

191 3450 285 3512 virilis
300 3452 365 3512 eius
379 3466 457 3512 aetas
477 3452 544 3527 fuit,
566 3452 726 3535 omniaque
744 3450 805 3527 illa,
825 3466 941 3535 praeter
960 3454 1077 3525 Fastos,
1096 3453 1154 3513 iam
1176 3452 1270 3531 abso-f

191 3544 255 3605 luta
271 3559 341 3605 sunt
355 3559 384 3607 et
398 3545 493 3621 edita;
512 3565 589 3627 quae
607 3558 704 3607 tantae
728 3546 849 3628 quidem
869 3546 958 3606 molis
976 3560 1056 3622 sunt,
1072 3560 1104 3608 ut
1118 3547 1154 3608 ad
1170 3566 1269 3627 repo-;

191 3637 307 3699 nendos
324 3637 432 3715 incude
446 3630 515 3700 Am.
538 3638 629 3699 libros
644 3652 762 3721 tempus
779 3640 879 3721 ipsum
897 3639 1024 3701 defuisse
1039 3654 1146 3722 poetae
1161 3637 1260 3701 videa·

192 3745 251 3793 tur.
269 3730 361 3815 igitur
377 3733 530 3814 perpensis
548 3731 688 3793 omnibus
702 3734 895 3815 argumentis,
917 3753 992 3817 quae
1008 3733 1177 3817 suppeditat
1192 3724 1270 3794 cum-¹

193 3823 296 3886 Ovidii
312 3825 467 3907 ingenium
486 3839 516 3887 et
541 3840 644 3887 natura
662 3840 750 3909 atque
770 3828 801 3887 in
825 3828 1037 3910 componendo
1061 3827 1259 3903 consuetudo,
1302 3905 1305 3911 ¹

192 3932 258 3979 tum
272 3932 407 3979 veterum
425 3920 456 3981 in
476 3920 591 4002 scriptis
609 3919 803 3983 emendandis
817 3921 902 3999 ratio,
923 3921 1051 4004 denique
1072 3935 1259 4004 temporum,

192 4008 269 4073 intra
288 4032 362 4097 quae
381 4012 502 4102 maioris
519 4014 665 4105 momenti
680 4010 882 4097 ¹plura-opera
904 4016 953 4079 hic
973 4016 1076 4093 edidit,
1094 4013 1257 4097 respectus,
