<?xml version="1.0" encoding="UTF-8"?>
<!DOCTYPE html PUBLIC "-//W3C//DTD XHTML 1.0 Transitional//EN"
    "http://www.w3.org/TR/xhtml1/DTD/xhtml1-transitional.dtd">
<html xmlns="http://www.w3.org/1999/xhtml" xml:lang="en" lang="en">
 <head>
  <title>
</title>
<meta http-equiv="Content-Type" content="text/html;charset=utf-8" />
  <meta name='ocr-system' content='tesseract 3.04.00' />
  <meta name='ocr-capabilities' content='ocr_page ocr_carea ocr_par ocr_line ocrx_word'/>
</head>
<body>
  <div class='ocr_page' id='page_1' title='image "./quaestionesadpo00pigoog_0078.png"; bbox 0 0 3159 5017; ppageno 0'>
   <div class='ocr_carea' id='block_1_1' title="bbox 781 460 941 531">
    <p class='ocr_par' dir='ltr' id='par_1_1' title="bbox 781 460 941 531">
     <span class='ocr_line' id='line_1_1' title="bbox 781 460 941 531; baseline 0.006 -30"><span class='ocrx_word' id='word_1_1' title='bbox 781 460 941 531; x_wconf 47' lang='lat'>44-</span> 
     </span>
    </p>
   </div>
   <div class='ocr_carea' id='block_1_2' title="bbox 329 588 1392 742">
    <p class='ocr_par' dir='ltr' id='par_1_2' title="bbox 329 588 1392 742">
     <span class='ocr_line' id='line_1_2' title="bbox 332 588 1392 671; baseline 0.005 -24"><span class='ocrx_word' id='word_1_2' title='bbox 332 607 378 661; x_wconf 93' lang='lat'>10,</span> <span class='ocrx_word' id='word_1_3' title='bbox 396 606 444 661; x_wconf 73' lang='grc'>24,</span> <span class='ocrx_word' id='word_1_4' title='bbox 461 607 529 648; x_wconf 92' lang='lat' dir='ltr'>curn</span> <span class='ocrx_word' id='word_1_5' title='bbox 544 588 673 669; x_wconf 89' lang='lat' dir='ltr'>parentis</span> <span class='ocrx_word' id='word_1_6' title='bbox 688 589 745 664; x_wconf 91' lang='lat' dir='ltr'>sui,</span> <span class='ocrx_word' id='word_1_7' title='bbox 761 603 793 649; x_wconf 93' lang='lat' dir='ltr'>ut</span> <span class='ocrx_word' id='word_1_8' title='bbox 808 591 907 671; x_wconf 87' lang='lat' dir='ltr'>ipsum</span> <span class='ocrx_word' id='word_1_9' title='bbox 922 610 939 649; x_wconf 92' lang='lat' dir='ltr'>a</span> <span class='ocrx_word' id='word_1_10' title='bbox 954 610 1105 650; x_wconf 83' lang='lat' dir='ltr'>musarum</span> <span class='ocrx_word' id='word_1_11' title='bbox 1118 595 1215 651; x_wconf 90' lang='lat' dir='ltr'>studio</span> <span class='ocrx_word' id='word_1_12' title='bbox 1236 604 1392 666; x_wconf 84' lang='lat' dir='ltr'>averteret,</span> 
     </span>
     <span class='ocr_line' id='line_1_3' title="bbox 329 694 588 742; baseline 0.008 -2"><span class='ocrx_word' id='word_1_13' title='bbox 329 694 452 741; x_wconf 86' lang='lat' dir='ltr'>conatus</span> <span class='ocrx_word' id='word_1_14' title='bbox 468 695 564 741; x_wconf 87' lang='lat' dir='ltr'>narrat</span> <span class='ocrx_word' id='word_1_15' title='bbox 581 704 588 742; x_wconf 94' lang='lat'><strong>:</strong></span> 
     </span>
    </p>
   </div>
   <div class='ocr_carea' id='block_1_3' title="bbox 558 842 1253 1081">
    <p class='ocr_par' dir='ltr' id='par_1_3' title="bbox 558 842 1253 1081">
     <span class='ocr_line' id='line_1_4' title="bbox 560 842 1107 908; baseline 0.004 -14"><span class='ocrx_word' id='word_1_16' title='bbox 560 842 675 895; x_wconf 87' lang='lat' dir='ltr'>Scribere</span> <span class='ocrx_word' id='word_1_17' title='bbox 687 842 801 895; x_wconf 87' lang='lat' dir='ltr'>conabar</span> <span class='ocrx_word' id='word_1_18' title='bbox 815 842 894 896; x_wconf 89' lang='lat' dir='ltr'>verba</span> <span class='ocrx_word' id='word_1_19' title='bbox 905 842 991 895; x_wconf 90' lang='lat' dir='ltr'>soluta</span> <span class='ocrx_word' id='word_1_20' title='bbox 1006 844 1107 908; x_wconf 91' lang='lat' dir='ltr'>modis;</span> 
     </span>
     <span class='ocr_line' id='line_1_5' title="bbox 558 925 1253 999; baseline 0.003 -21"><span class='ocrx_word' id='word_1_21' title='bbox 558 925 659 995; x_wconf 89' lang='lat' dir='ltr'><strong>Sponte</strong></span> <span class='ocrx_word' id='word_1_22' title='bbox 672 942 720 979; x_wconf 91' lang='lat' dir='ltr'>sua</span> <span class='ocrx_word' id='word_1_23' title='bbox 729 944 836 981; x_wconf 88' lang='lat' dir='ltr'>carmen</span> <span class='ocrx_word' id='word_1_24' title='bbox 851 944 978 981; x_wconf 88' lang='lat' dir='ltr'>numeros</span> <span class='ocrx_word' id='word_1_25' title='bbox 987 928 1108 981; x_wconf 91' lang='lat' dir='ltr'>veniebat</span> <span class='ocrx_word' id='word_1_26' title='bbox 1121 928 1155 980; x_wconf 87' lang='lat' dir='ltr'>ad</span> <span class='ocrx_word' id='word_1_27' title='bbox 1168 940 1253 999; x_wconf 88' lang='lat' dir='ltr'>aptos,</span> 
     </span>
     <span class='ocr_line' id='line_1_6' title="bbox 559 1010 1100 1081; baseline 0.004 -17"><span class='ocrx_word' id='word_1_28' title='bbox 559 1010 591 1064; x_wconf 86' lang='lat' dir='ltr'>Et</span> <span class='ocrx_word' id='word_1_29' title='bbox 603 1011 674 1081; x_wconf 92' lang='lat' dir='ltr'>quod</span> <span class='ocrx_word' id='word_1_30' title='bbox 690 1012 825 1064; x_wconf 85' lang='lat' dir='ltr'>tentabam</span> <span class='ocrx_word' id='word_1_31' title='bbox 834 1012 920 1065; x_wconf 82' lang='lat' dir='ltr'>dicere</span> <span class='ocrx_word' id='word_1_32' title='bbox 932 1028 1026 1065; x_wconf 89' lang='lat' dir='ltr'>versus</span> <span class='ocrx_word' id='word_1_33' title='bbox 1035 1026 1100 1066; x_wconf 89' lang='lat' dir='ltr'>erat.</span> 
     </span>
    </p>
   </div>
   <div class='ocr_carea' id='block_1_4' title="bbox 327 1161 1395 3485">
    <p class='ocr_par' dir='ltr' id='par_1_4' title="bbox 327 1161 1395 3485">
     <span class='ocr_line' id='line_1_7' title="bbox 368 1161 1391 1224; baseline 0.003 -4"><span class='ocrx_word' id='word_1_34' title='bbox 368 1161 486 1222; x_wconf 87' lang='lat' dir='ltr'>Etenim</span> <span class='ocrx_word' id='word_1_35' title='bbox 505 1162 821 1222; x_wconf 89' lang='lat' dir='ltr'>convenientissimum</span> <span class='ocrx_word' id='word_1_36' title='bbox 842 1176 871 1223; x_wconf 92' lang='lat' dir='ltr'>et</span> <span class='ocrx_word' id='word_1_37' title='bbox 886 1164 1096 1224; x_wconf 87' lang='lat' dir='ltr'>suavissimum</span> <span class='ocrx_word' id='word_1_38' title='bbox 1112 1178 1291 1224; x_wconf 87' lang='lat' dir='ltr'>concentum</span> <span class='ocrx_word' id='word_1_39' title='bbox 1310 1162 1391 1223; x_wconf 86' lang='lat' dir='ltr'>facil-</span> 
     </span>
     <span class='ocr_line' id='line_1_8' title="bbox 327 1253 1392 1338; baseline 0.002 -25"><span class='ocrx_word' id='word_1_40' title='bbox 327 1253 397 1315; x_wconf 87' lang='lat' dir='ltr'>lime</span> <span class='ocrx_word' id='word_1_41' title='bbox 412 1268 500 1335; x_wconf 85' lang='lat' dir='ltr'>poeta</span> <span class='ocrx_word' id='word_1_42' title='bbox 512 1268 618 1328; x_wconf 88' lang='lat' dir='ltr'>servat,</span> <span class='ocrx_word' id='word_1_43' title='bbox 635 1257 770 1337; x_wconf 89' lang='lat' dir='ltr'>quamvis</span> <span class='ocrx_word' id='word_1_44' title='bbox 788 1256 986 1317; x_wconf 86' lang='lat' dir='ltr'>severioribus</span> <span class='ocrx_word' id='word_1_45' title='bbox 1003 1253 1118 1338; x_wconf 86' lang='lat' dir='ltr'>legibus</span> <span class='ocrx_word' id='word_1_46' title='bbox 1132 1276 1264 1332; x_wconf 86' lang='lat' dir='ltr'>versum,</span> <span class='ocrx_word' id='word_1_47' title='bbox 1277 1258 1392 1337; x_wconf 87' lang='lat' dir='ltr'>praeci-</span> 
     </span>
     <span class='ocr_line' id='line_1_9' title="bbox 327 1349 1391 1432; baseline 0.002 -25"><span class='ocrx_word' id='word_1_48' title='bbox 327 1368 386 1429; x_wconf 89' lang='lat' dir='ltr'>pue</span> <span class='ocrx_word' id='word_1_49' title='bbox 411 1362 640 1429; x_wconf 88' lang='lat' dir='ltr'>pentametmm‚</span> <span class='ocrx_word' id='word_1_50' title='bbox 663 1350 840 1409; x_wconf 83' lang='lat' dir='ltr'>astrinxerit.</span> <span class='ocrx_word' id='word_1_51' title='bbox 866 1349 937 1410; x_wconf 93' lang='lat' dir='ltr'>ldeo</span> <span class='ocrx_word' id='word_1_52' title='bbox 952 1349 995 1410; x_wconf 92' lang='lat' dir='ltr'>illi</span> <span class='ocrx_word' id='word_1_53' title='bbox 1010 1351 1061 1432; x_wconf 93' lang='lat' dir='ltr'>qui</span> <span class='ocrx_word' id='word_1_54' title='bbox 1082 1351 1135 1410; x_wconf 89' lang='lat' dir='ltr'>has</span> <span class='ocrx_word' id='word_1_55' title='bbox 1152 1351 1340 1432; x_wconf 85' lang='lat' dir='ltr'>quaestiones</span> <span class='ocrx_word' id='word_1_56' title='bbox 1357 1350 1391 1409; x_wconf 91' lang='lat' dir='ltr'>ad</span> 
     </span>
     <span class='ocr_line' id='line_1_10' title="bbox 328 1442 1392 1523; baseline 0.001 -23"><span class='ocrx_word' id='word_1_57' title='bbox 328 1460 391 1501; x_wconf 92' lang='lat' dir='ltr'>rem</span> <span class='ocrx_word' id='word_1_58' title='bbox 414 1442 566 1502; x_wconf 85' lang='lat' dir='ltr'>metricam</span> <span class='ocrx_word' id='word_1_59' title='bbox 594 1444 775 1523; x_wconf 90' lang='lat' dir='ltr'>pertinentes</span> <span class='ocrx_word' id='word_1_60' title='bbox 807 1456 978 1523; x_wconf 90' lang='lat' dir='ltr'>presserunt</span> <span class='ocrx_word' id='word_1_61' title='bbox 995 1458 1016 1518; x_wconf 89' lang='lat'>¹,</span> <span class='ocrx_word' id='word_1_62' title='bbox 1055 1444 1239 1504; x_wconf 81' lang='lat' dir='ltr'>Ouidianum</span> <span class='ocrx_word' id='word_1_63' title='bbox 1272 1462 1392 1523; x_wconf 87' lang='lat' dir='ltr'>prorsus</span> 
     </span>
     <span class='ocr_line' id='line_1_11' title="bbox 329 1534 1389 1618; baseline 0.002 -25"><span class='ocrx_word' id='word_1_64' title='bbox 329 1534 483 1615; x_wconf 87' lang='lat' dir='ltr'>ingenium</span> <span class='ocrx_word' id='word_1_65' title='bbox 499 1548 527 1594; x_wconf 91' lang='lat' dir='ltr'>et</span> <span class='ocrx_word' id='word_1_66' title='bbox 544 1534 714 1595; x_wconf 87' lang='lat' dir='ltr'>facilitatem</span> <span class='ocrx_word' id='word_1_67' title='bbox 732 1537 761 1595; x_wconf 93' lang='lat' dir='ltr'>in</span> <span class='ocrx_word' id='word_1_68' title='bbox 778 1537 927 1597; x_wconf 88' lang='lat' dir='ltr'>tractanda</span> <span class='ocrx_word' id='word_1_69' title='bbox 940 1537 995 1596; x_wconf 90' lang='lat' dir='ltr'>hac</span> <span class='ocrx_word' id='word_1_70' title='bbox 1009 1538 1077 1596; x_wconf 90' lang='lat' dir='ltr'>artis</span> <span class='ocrx_word' id='word_1_71' title='bbox 1095 1551 1175 1617; x_wconf 86' lang='lat' dir='ltr'>parte</span> <span class='ocrx_word' id='word_1_72' title='bbox 1189 1550 1389 1618; x_wconf 82' lang='lat' dir='ltr'>agnovemnt3</span> 
     </span>
     <span class='ocr_line' id='line_1_12' title="bbox 330 1628 1393 1709; baseline 0.003 -23"><span class='ocrx_word' id='word_1_73' title='bbox 330 1641 359 1687; x_wconf 91' lang='lat' dir='ltr'>et</span> <span class='ocrx_word' id='word_1_74' title='bbox 376 1648 435 1707; x_wconf 93' lang='lat' dir='ltr'>quo</span> <span class='ocrx_word' id='word_1_75' title='bbox 451 1629 543 1709; x_wconf 83' lang='lat' dir='ltr'>magis</span> <span class='ocrx_word' id='word_1_76' title='bbox 556 1629 586 1687; x_wconf 91' lang='lat' dir='ltr'>in</span> <span class='ocrx_word' id='word_1_77' title='bbox 602 1628 803 1709; x_wconf 88' lang='lat' dir='ltr'>Epistularum</span> <span class='ocrx_word' id='word_1_78' title='bbox 813 1643 843 1689; x_wconf 93' lang='lat' dir='ltr'>et</span> <span class='ocrx_word' id='word_1_79' title='bbox 859 1644 1024 1691; x_wconf 89' lang='lat' dir='ltr'>ceterorum</span> <span class='ocrx_word' id='word_1_80' title='bbox 1040 1631 1205 1690; x_wconf 88' lang='lat' dir='ltr'>carminum</span> <span class='ocrx_word' id='word_1_81' title='bbox 1220 1628 1318 1689; x_wconf 91' lang='lat' dir='ltr'>studio</span> <span class='ocrx_word' id='word_1_82' title='bbox 1332 1629 1393 1689; x_wconf 91' lang='lat' dir='ltr'>ela-</span> 
     </span>
     <span class='ocr_line' id='line_1_13' title="bbox 330 1720 1392 1804; baseline 0.002 -23"><span class='ocrx_word' id='word_1_83' title='bbox 330 1720 480 1795; x_wconf 90' lang='lat' dir='ltr'>borarunt,</span> <span class='ocrx_word' id='word_1_84' title='bbox 495 1741 531 1782; x_wconf 90' lang='lat' dir='ltr'>eo</span> <span class='ocrx_word' id='word_1_85' title='bbox 544 1721 650 1781; x_wconf 91' lang='lat' dir='ltr'>melius</span> <span class='ocrx_word' id='word_1_86' title='bbox 665 1720 769 1782; x_wconf 88' lang='lat' dir='ltr'>faciem</span> <span class='ocrx_word' id='word_1_87' title='bbox 785 1724 816 1782; x_wconf 94' lang='lat' dir='ltr'>in</span> <span class='ocrx_word' id='word_1_88' title='bbox 836 1722 977 1783; x_wconf 91' lang='lat' dir='ltr'>omnibus</span> <span class='ocrx_word' id='word_1_89' title='bbox 993 1743 1083 1783; x_wconf 90' lang='lat' dir='ltr'>unam</span> <span class='ocrx_word' id='word_1_90' title='bbox 1100 1721 1285 1804; x_wconf 89' lang='lat' dir='ltr'>eandemque</span> <span class='ocrx_word' id='word_1_91' title='bbox 1302 1722 1392 1783; x_wconf 87' lang='lat' dir='ltr'>linea-</span> 
     </span>
     <span class='ocr_line' id='line_1_14' title="bbox 330 1814 1387 1898; baseline 0.004 -24"><span class='ocrx_word' id='word_1_92' title='bbox 330 1816 450 1889; x_wconf 85' lang='lat' dir='ltr'>mentis,</span> <span class='ocrx_word' id='word_1_93' title='bbox 471 1814 583 1888; x_wconf 92' lang='lat' dir='ltr'>colore,</span> <span class='ocrx_word' id='word_1_94' title='bbox 612 1816 754 1897; x_wconf 86' lang='lat' dir='ltr'>sanguine</span> <span class='ocrx_word' id='word_1_95' title='bbox 778 1831 973 1897; x_wconf 85' lang='lat' dir='ltr'>agnoverunt.</span> <span class='ocrx_word' id='word_1_96' title='bbox 994 1819 1037 1876; x_wconf 85' lang='lat' dir='ltr'>Ex</span> <span class='ocrx_word' id='word_1_97' title='bbox 1059 1816 1285 1877; x_wconf 84' lang='lat' dir='ltr'>accuratissimis</span> <span class='ocrx_word' id='word_1_98' title='bbox 1304 1817 1387 1898; x_wconf 60' lang='lat' dir='ltr'>igittx</span> 
     </span>
     <span class='ocr_line' id='line_1_15' title="bbox 330 1907 1384 1991; baseline 0.003 -25"><span class='ocrx_word' id='word_1_99' title='bbox 330 1907 514 1969; x_wconf 89' lang='lat' dir='ltr'>eruditorum</span> <span class='ocrx_word' id='word_1_100' title='bbox 528 1909 661 1969; x_wconf 89' lang='lat' dir='ltr'>virorum</span> <span class='ocrx_word' id='word_1_101' title='bbox 676 1909 932 1991; x_wconf 89' lang='lat' dir='ltr'>disquisitionibus</span> <span class='ocrx_word' id='word_1_102' title='bbox 948 1909 1044 1970; x_wconf 91' lang='lat' dir='ltr'>elucet</span> <span class='ocrx_word' id='word_1_103' title='bbox 1060 1923 1163 1969; x_wconf 90' lang='lat' dir='ltr'>contra</span> <span class='ocrx_word' id='word_1_104' title='bbox 1178 1910 1349 1990; x_wconf 86' lang='lat' dir='ltr'>prosodiam</span> <span class='ocrx_word' id='word_1_105' title='bbox 1363 1932 1384 1969; x_wconf 88' lang='lat' dir='ltr'>n</span> 
     </span>
     <span class='ocr_line' id='line_1_16' title="bbox 331 2000 1387 2084; baseline 0.004 -24"><span class='ocrx_word' id='word_1_106' title='bbox 331 2000 511 2062; x_wconf 88' lang='lat' dir='ltr'>Heroidibus</span> <span class='ocrx_word' id='word_1_107' title='bbox 522 2003 672 2078; x_wconf 85' lang='lat' dir='ltr'>rarissime</span> <span class='ocrx_word' id='word_1_108' title='bbox 689 2002 724 2063; x_wconf 88' lang='lat' dir='ltr'>ab</span> <span class='ocrx_word' id='word_1_109' title='bbox 741 2003 855 2063; x_wconf 90' lang='lat' dir='ltr'>Ovidio</span> <span class='ocrx_word' id='word_1_110' title='bbox 872 2018 1039 2084; x_wconf 87' lang='lat' dir='ltr'>peccatum,</span> <span class='ocrx_word' id='word_1_111' title='bbox 1057 2003 1131 2063; x_wconf 93' lang='lat' dir='ltr'>adeo</span> <span class='ocrx_word' id='word_1_112' title='bbox 1151 2017 1184 2062; x_wconf 89' lang='lat' dir='ltr'>ut</span> <span class='ocrx_word' id='word_1_113' title='bbox 1201 2004 1250 2062; x_wconf 84' lang='lat' dir='ltr'>vix</span> <span class='ocrx_word' id='word_1_114' title='bbox 1266 2004 1387 2064; x_wconf 73' lang='lat' dir='ltr'>notanda</span> 
     </span>
     <span class='ocr_line' id='line_1_17' title="bbox 330 2094 1394 2179; baseline 0.001 -25"><span class='ocrx_word' id='word_1_115' title='bbox 330 2095 388 2155; x_wconf 88' lang='lat' dir='ltr'>sint</span> <span class='ocrx_word' id='word_1_116' title='bbox 408 2094 512 2176; x_wconf 90' lang='lat' dir='ltr'>(Esch.</span> <span class='ocrx_word' id='word_1_117' title='bbox 534 2116 561 2156; x_wconf 94' lang='lat' dir='ltr'>c.</span> <span class='ocrx_word' id='word_1_118' title='bbox 579 2098 631 2171; x_wconf 91' lang='grc' dir='ltr'><strong>ΙΙΙ,</strong></span> <span class='ocrx_word' id='word_1_119' title='bbox 652 2096 684 2176; x_wconf 89' lang='lat'>2)</span> <span class='ocrx_word' id='word_1_120' title='bbox 700 2094 758 2155; x_wconf 70' lang='lat' dir='ltr'>aba</span> <span class='ocrx_word' id='word_1_121' title='bbox 775 2096 940 2179; x_wconf 82' lang='lat' dir='ltr'>Zacynthos,</span> <span class='ocrx_word' id='word_1_122' title='bbox 962 2095 1041 2157; x_wconf 77' lang='lat' dir='ltr'>beloti</span> <span class='ocrx_word' id='word_1_123' title='bbox 1057 2096 1157 2157; x_wconf 80' lang='lat' dir='ltr'>stravit</span> <span class='ocrx_word' id='word_1_124' title='bbox 1168 2109 1192 2170; x_wconf 90' lang='lat'>²,</span> <span class='ocrx_word' id='word_1_125' title='bbox 1208 2111 1238 2157; x_wconf 90' lang='lat' dir='ltr'>et</span> <span class='ocrx_word' id='word_1_126' title='bbox 1251 2096 1394 2177; x_wconf 85' lang='lat' dir='ltr'>quaedam</span> 
     </span>
     <span class='ocr_line' id='line_1_18' title="bbox 329 2188 1393 2271; baseline 0.002 -24"><span class='ocrx_word' id='word_1_127' title='bbox 329 2188 384 2247; x_wconf 90' lang='lat' dir='ltr'>alia</span> <span class='ocrx_word' id='word_1_128' title='bbox 408 2208 493 2270; x_wconf 87' lang='lat' dir='ltr'>quae,</span> <span class='ocrx_word' id='word_1_129' title='bbox 517 2188 744 2270; x_wconf 85' lang='lat' dir='ltr'>diligentissime</span> <span class='ocrx_word' id='word_1_130' title='bbox 768 2190 892 2251; x_wconf 90' lang='lat' dir='ltr'>collecta</span> <span class='ocrx_word' id='word_1_131' title='bbox 921 2189 957 2250; x_wconf 89' lang='lat' dir='ltr'>ab</span> <span class='ocrx_word' id='word_1_132' title='bbox 980 2189 1133 2271; x_wconf 86' lang='lat' dir='ltr'>Hilbergio</span> <span class='ocrx_word' id='word_1_133' title='bbox 1154 2188 1211 2271; x_wconf 87' lang='lat' dir='ltr'>(op.</span> <span class='ocrx_word' id='word_1_134' title='bbox 1236 2189 1297 2265; x_wconf 67' lang='lat' dir='ltr'>cib,</span> <span class='ocrx_word' id='word_1_135' title='bbox 1318 2211 1349 2271; x_wconf 90' lang='lat' dir='ltr'>p.</span> <span class='ocrx_word' id='word_1_136' title='bbox 1376 2210 1393 2249; x_wconf 88' lang='lat'>2</span> 
     </span>
     <span class='ocr_line' id='line_1_19' title="bbox 329 2281 1393 2365; baseline 0.001 -25"><span class='ocrx_word' id='word_1_137' title='bbox 329 2281 423 2363; x_wconf 85' lang='lat' dir='ltr'>sqq),</span> <span class='ocrx_word' id='word_1_138' title='bbox 448 2302 509 2342; x_wconf 94' lang='lat' dir='ltr'>non</span> <span class='ocrx_word' id='word_1_139' title='bbox 538 2282 754 2363; x_wconf 89' lang='lat' dir='ltr'>impedimento</span> <span class='ocrx_word' id='word_1_140' title='bbox 785 2283 904 2344; x_wconf 88' lang='lat' dir='ltr'>fuerunt</span> <span class='ocrx_word' id='word_1_141' title='bbox 934 2284 1007 2365; x_wconf 93' lang='lat' dir='ltr'>quin</span> <span class='ocrx_word' id='word_1_142' title='bbox 1037 2283 1086 2343; x_wconf 91' lang='lat' dir='ltr'>ille</span> <span class='ocrx_word' id='word_1_143' title='bbox 1115 2284 1191 2343; x_wconf 89' lang='lat' dir='ltr'>inter</span> <span class='ocrx_word' id='word_1_144' title='bbox 1219 2284 1393 2363; x_wconf 87' lang='lat' dir='ltr'>pentametri</span> 
     </span>
     <span class='ocr_line' id='line_1_20' title="bbox 329 2363 1394 2458; baseline 0 -23"><span class='ocrx_word' id='word_1_145' title='bbox 329 2375 471 2435; x_wconf 84' lang='lat' dir='ltr'>Ouidiani</span> <span class='ocrx_word' id='word_1_146' title='bbox 481 2374 561 2457; x_wconf 85' lang='lat' dir='ltr'>leges</span> <span class='ocrx_word' id='word_1_147' title='bbox 571 2377 701 2456; x_wconf 91' lang='lat' dir='ltr'>primum</span> <span class='ocrx_word' id='word_1_148' title='bbox 711 2378 905 2437; x_wconf 89' lang='lat' dir='ltr'>reverentiam</span> <span class='ocrx_word' id='word_1_149' title='bbox 916 2376 1157 2458; x_wconf 89' lang='lat' dir='ltr'>prosadiacorum</span> <span class='ocrx_word' id='word_1_150' title='bbox 1168 2390 1197 2436; x_wconf 90' lang='lat' dir='ltr'>et</span> <span class='ocrx_word' id='word_1_151' title='bbox 1204 2363 1394 2437; x_wconf 87' lang='lat' dir='ltr'>metricorum</span> 
     </span>
     <span class='ocr_line' id='line_1_21' title="bbox 329 2469 1393 2551; baseline 0.003 -25"><span class='ocrx_word' id='word_1_152' title='bbox 329 2483 553 2548; x_wconf 87' lang='lat' dir='ltr'>praeceptorum</span> <span class='ocrx_word' id='word_1_153' title='bbox 576 2482 711 2549; x_wconf 88' lang='lat' dir='ltr'>poneret,</span> <span class='ocrx_word' id='word_1_154' title='bbox 727 2478 770 2551; x_wconf 82' lang='lat' dir='ltr'>op.</span> <span class='ocrx_word' id='word_1_155' title='bbox 791 2469 853 2544; x_wconf 65' lang='lat' dir='ltr'>cil,</span> <span class='ocrx_word' id='word_1_156' title='bbox 870 2491 901 2551; x_wconf 92' lang='lat' dir='ltr'>p.</span> <span class='ocrx_word' id='word_1_157' title='bbox 922 2490 948 2530; x_wconf 87' lang='lat'>1.</span> <span class='ocrx_word' id='word_1_158' title='bbox 968 2472 1011 2530; x_wconf 90' lang='lat' dir='ltr'>lta</span> <span class='ocrx_word' id='word_1_159' title='bbox 1026 2484 1055 2530; x_wconf 87' lang='lat' dir='ltr'>et</span> <span class='ocrx_word' id='word_1_160' title='bbox 1077 2470 1240 2530; x_wconf 91' lang='lat' dir='ltr'>elisionum</span> <span class='ocrx_word' id='word_1_161' title='bbox 1262 2488 1393 2529; x_wconf 88' lang='lat' dir='ltr'>caesura-</span> 
     </span>
     <span class='ocr_line' id='line_1_22' title="bbox 330 2561 1394 2643; baseline 0.001 -23"><span class='ocrx_word' id='word_1_162' title='bbox 330 2581 455 2643; x_wconf 91' lang='lat' dir='ltr'>rumque</span> <span class='ocrx_word' id='word_1_163' title='bbox 476 2561 592 2643; x_wconf 84' lang='lat' dir='ltr'>regulae</span> <span class='ocrx_word' id='word_1_164' title='bbox 611 2562 753 2623; x_wconf 87' lang='lat' dir='ltr'>molestae</span> <span class='ocrx_word' id='word_1_165' title='bbox 777 2563 889 2624; x_wconf 89' lang='lat' dir='ltr'>Ovidio</span> <span class='ocrx_word' id='word_1_166' title='bbox 904 2564 1027 2622; x_wconf 92' lang='lat' dir='ltr'>minime</span> <span class='ocrx_word' id='word_1_167' title='bbox 1045 2562 1136 2623; x_wconf 89' lang='lat' dir='ltr'>fuisse</span> <span class='ocrx_word' id='word_1_168' title='bbox 1150 2562 1305 2636; x_wconf 81' lang='lat' dir='ltr'>videntur3</span> <span class='ocrx_word' id='word_1_169' title='bbox 1327 2583 1394 2622; x_wconf 89' lang='lat' dir='ltr'>nam</span> 
     </span>
     <span class='ocr_line' id='line_1_23' title="bbox 329 2654 1394 2737; baseline 0.001 -23"><span class='ocrx_word' id='word_1_170' title='bbox 329 2655 377 2714; x_wconf 78' lang='lat' dir='ltr'>vix</span> <span class='ocrx_word' id='word_1_171' title='bbox 396 2654 486 2716; x_wconf 90' lang='lat' dir='ltr'>semel</span> <span class='ocrx_word' id='word_1_172' title='bbox 506 2670 535 2715; x_wconf 94' lang='lat' dir='ltr'>et</span> <span class='ocrx_word' id='word_1_173' title='bbox 555 2656 662 2717; x_wconf 88' lang='lat' dir='ltr'>iterum</span> <span class='ocrx_word' id='word_1_174' title='bbox 683 2656 778 2717; x_wconf 88' lang='lat' dir='ltr'>laesae</span> <span class='ocrx_word' id='word_1_175' title='bbox 798 2671 866 2717; x_wconf 91' lang='lat' dir='ltr'>sunt</span> <span class='ocrx_word' id='word_1_176' title='bbox 883 2657 1022 2717; x_wconf 89' lang='lat' dir='ltr'>metricae</span> <span class='ocrx_word' id='word_1_177' title='bbox 1042 2656 1300 2737; x_wconf 89' lang='lat' dir='ltr'>praescriptiones,</span> <span class='ocrx_word' id='word_1_178' title='bbox 1321 2656 1394 2715; x_wconf 91' lang='lat' dir='ltr'>adeo</span> 
     </span>
     <span class='ocr_line' id='line_1_24' title="bbox 329 2748 1395 2830; baseline 0 -23"><span class='ocrx_word' id='word_1_179' title='bbox 329 2762 390 2809; x_wconf 87' lang='lat' dir='ltr'>arte</span> <span class='ocrx_word' id='word_1_180' title='bbox 406 2750 513 2809; x_wconf 85' lang='lat' dir='ltr'>eximia</span> <span class='ocrx_word' id='word_1_181' title='bbox 533 2762 561 2809; x_wconf 92' lang='lat' dir='ltr'>et</span> <span class='ocrx_word' id='word_1_182' title='bbox 578 2769 681 2809; x_wconf 86' lang='lat' dir='ltr'>severo</span> <span class='ocrx_word' id='word_1_183' title='bbox 700 2749 811 2809; x_wconf 89' lang='lat' dir='ltr'>iudicio</span> <span class='ocrx_word' id='word_1_184' title='bbox 828 2764 1025 2810; x_wconf 88' lang='lat' dir='ltr'>conectuntur</span> <span class='ocrx_word' id='word_1_185' title='bbox 1040 2750 1141 2830; x_wconf 89' lang='lat' dir='ltr'>pedes,</span> <span class='ocrx_word' id='word_1_186' title='bbox 1158 2763 1188 2809; x_wconf 92' lang='lat' dir='ltr'>et</span> <span class='ocrx_word' id='word_1_187' title='bbox 1201 2748 1395 2809; x_wconf 88' lang='lat' dir='ltr'>observantur</span> 
     </span>
     <span class='ocr_line' id='line_1_25' title="bbox 329 2840 1391 2926; baseline 0 -24"><span class='ocrx_word' id='word_1_188' title='bbox 329 2862 406 2902; x_wconf 90' lang='lat' dir='ltr'>arses</span> <span class='ocrx_word' id='word_1_189' title='bbox 426 2842 583 2926; x_wconf 88' lang='lat' dir='ltr'>thesesque</span> <span class='ocrx_word' id='word_1_190' title='bbox 610 2862 684 2924; x_wconf 91' lang='lat' dir='ltr'>quae</span> <span class='ocrx_word' id='word_1_191' title='bbox 704 2842 861 2902; x_wconf 90' lang='lat' dir='ltr'>elisionem</span> <span class='ocrx_word' id='word_1_192' title='bbox 883 2841 1021 2903; x_wconf 85' lang='lat' dir='ltr'>facillime</span> <span class='ocrx_word' id='word_1_193' title='bbox 1049 2844 1195 2924; x_wconf 87' lang='lat' dir='ltr'>patiantur</span> <span class='ocrx_word' id='word_1_194' title='bbox 1222 2840 1391 2923; x_wconf 89' lang='lat' dir='ltr'>(Eschenb.</span> 
     </span>
     <span class='ocr_line' id='line_1_26' title="bbox 329 2935 1394 3018; baseline 0 -23"><span class='ocrx_word' id='word_1_195' title='bbox 329 2938 417 3009; x_wconf 76' lang='lat' dir='ltr'>Matr,</span> <span class='ocrx_word' id='word_1_196' title='bbox 433 2956 464 3016; x_wconf 95' lang='lat' dir='ltr'>p.</span> <span class='ocrx_word' id='word_1_197' title='bbox 481 2953 509 3010; x_wconf 87' lang='lat'>2,</span> <span class='ocrx_word' id='word_1_198' title='bbox 524 2938 541 2995; x_wconf 92' lang='lat'>8</span> <span class='ocrx_word' id='word_1_199' title='bbox 556 2949 585 2995; x_wconf 93' lang='lat' dir='ltr'>et</span> <span class='ocrx_word' id='word_1_200' title='bbox 604 2939 706 3011; x_wconf 80' lang='lat'>13-163</span> <span class='ocrx_word' id='word_1_201' title='bbox 725 2950 754 2996; x_wconf 93' lang='lat' dir='ltr'>et</span> <span class='ocrx_word' id='word_1_202' title='bbox 770 2935 905 3018; x_wconf 84' lang='lat' dir='ltr'>Hilberg,</span> <span class='ocrx_word' id='word_1_203' title='bbox 922 2957 953 3017; x_wconf 92' lang='lat' dir='ltr'>p.</span> <span class='ocrx_word' id='word_1_204' title='bbox 974 2956 1031 3014; x_wconf 85' lang='lat'>413</span> <span class='ocrx_word' id='word_1_205' title='bbox 1050 2936 1144 3018; x_wconf 82' lang='lat' dir='ltr'>sqq).</span> <span class='ocrx_word' id='word_1_206' title='bbox 1164 2936 1221 2995; x_wconf 88' lang='lat' dir='ltr'>Vix</span> <span class='ocrx_word' id='word_1_207' title='bbox 1237 2936 1394 3016; x_wconf 89' lang='lat' dir='ltr'>reprehen-</span> 
     </span>
     <span class='ocr_line' id='line_1_27' title="bbox 330 3028 1394 3111; baseline -0.002 -22"><span class='ocrx_word' id='word_1_208' title='bbox 330 3030 426 3089; x_wconf 89' lang='lat' dir='ltr'>denda</span> <span class='ocrx_word' id='word_1_209' title='bbox 443 3043 501 3102; x_wconf 90' lang='lat' dir='ltr'>est,</span> <span class='ocrx_word' id='word_1_210' title='bbox 527 3029 684 3109; x_wconf 89' lang='lat' dir='ltr'>praecipue</span> <span class='ocrx_word' id='word_1_211' title='bbox 703 3030 733 3089; x_wconf 90' lang='lat' dir='ltr'>in</span> <span class='ocrx_word' id='word_1_212' title='bbox 751 3043 954 3111; x_wconf 83' lang='lat' dir='ltr'>pentametm,</span> <span class='ocrx_word' id='word_1_213' title='bbox 976 3030 1122 3089; x_wconf 91' lang='lat' dir='ltr'>rarissima</span> <span class='ocrx_word' id='word_1_214' title='bbox 1149 3028 1288 3089; x_wconf 88' lang='lat' dir='ltr'>vocabuli</span> <span class='ocrx_word' id='word_1_215' title='bbox 1315 3029 1346 3088; x_wconf 92' lang='lat' dir='ltr'>in</span> <span class='ocrx_word' id='word_1_216' title='bbox 1367 3048 1394 3087; x_wconf 91' lang='lat' dir='ltr'>m</span> 
     </span>
     <span class='ocr_line' id='line_1_28' title="bbox 330 3120 1393 3204; baseline -0.001 -22"><span class='ocrx_word' id='word_1_217' title='bbox 330 3124 474 3192; x_wconf 86' lang='lat' dir='ltr'>exeuntis,</span> <span class='ocrx_word' id='word_1_218' title='bbox 498 3136 526 3181; x_wconf 93' lang='lat' dir='ltr'>et</span> <span class='ocrx_word' id='word_1_219' title='bbox 548 3122 637 3203; x_wconf 88' lang='lat' dir='ltr'>paulo</span> <span class='ocrx_word' id='word_1_220' title='bbox 658 3121 841 3204; x_wconf 88' lang='lat' dir='ltr'>frequentior</span> <span class='ocrx_word' id='word_1_221' title='bbox 864 3122 994 3204; x_wconf 89' lang='lat' dir='ltr'>syllabae</span> <span class='ocrx_word' id='word_1_222' title='bbox 1009 3122 1117 3203; x_wconf 86' lang='lat' dir='ltr'>longae</span> <span class='ocrx_word' id='word_1_223' title='bbox 1129 3122 1213 3183; x_wconf 91' lang='lat' dir='ltr'>elisio</span> <span class='ocrx_word' id='word_1_224' title='bbox 1229 3145 1235 3183; x_wconf 96' lang='lat'><strong>:</strong></span> <span class='ocrx_word' id='word_1_225' title='bbox 1254 3120 1393 3182; x_wconf 80' lang='lat' dir='ltr'>«bellum</span> 
     </span>
     <span class='ocr_line' id='line_1_29' title="bbox 330 3214 1394 3297; baseline -0.001 -22"><span class='ocrx_word' id='word_1_226' title='bbox 330 3230 402 3290; x_wconf 92' lang='lat' dir='ltr'>erat,</span> <span class='ocrx_word' id='word_1_227' title='bbox 419 3218 472 3289; x_wconf 88' lang='grc' dir='ltr'><strong>ΙΙΙ,</strong></span> <span class='ocrx_word' id='word_1_228' title='bbox 489 3235 506 3293; x_wconf 86' lang='lat'>9</span> <span class='ocrx_word' id='word_1_229' title='bbox 512 3232 538 3291; x_wconf 79' lang='lat'>5,</span> <span class='ocrx_word' id='word_1_230' title='bbox 553 3236 637 3275; x_wconf 91' lang='lat' dir='ltr'>sume</span> <span class='ocrx_word' id='word_1_231' title='bbox 653 3214 742 3277; x_wconf 90' lang='lat' dir='ltr'>fidem</span> <span class='ocrx_word' id='word_1_232' title='bbox 755 3230 783 3276; x_wconf 89' lang='lat' dir='ltr'>et</span> <span class='ocrx_word' id='word_1_233' title='bbox 796 3217 974 3297; x_wconf 87' lang='lat' dir='ltr'>pharetram,</span> <span class='ocrx_word' id='word_1_234' title='bbox 988 3218 1056 3285; x_wconf 85' lang='lat' dir='ltr'>XV,</span> <span class='ocrx_word' id='word_1_235' title='bbox 1067 3236 1101 3294; x_wconf 82' lang='lat'>23</span> <span class='ocrx_word' id='word_1_236' title='bbox 1118 3241 1133 3271; x_wconf 70' lang='lat' dir='ltr'>a</span> <span class='ocrx_word' id='word_1_237' title='bbox 1152 3239 1160 3291; x_wconf 88' lang='lat'>;</span> <span class='ocrx_word' id='word_1_238' title='bbox 1177 3217 1227 3276; x_wconf 91' lang='lat' dir='ltr'>sed</span> <span class='ocrx_word' id='word_1_239' title='bbox 1240 3228 1394 3296; x_wconf 88' lang='lat' dir='ltr'>peccatum</span> 
     </span>
     <span class='ocr_line' id='line_1_30' title="bbox 330 3308 1395 3386; baseline -0.002 -17"><span class='ocrx_word' id='word_1_240' title='bbox 330 3330 394 3369; x_wconf 92' lang='lat' dir='ltr'>esse</span> <span class='ocrx_word' id='word_1_241' title='bbox 416 3308 515 3369; x_wconf 91' lang='lat' dir='ltr'>solum</span> <span class='ocrx_word' id='word_1_242' title='bbox 532 3308 648 3369; x_wconf 91' lang='lat' dir='ltr'>videtur</span> <span class='ocrx_word' id='word_1_243' title='bbox 665 3309 694 3369; x_wconf 90' lang='lat' dir='ltr'>in</span> <span class='ocrx_word' id='word_1_244' title='bbox 708 3310 778 3370; x_wconf 90' lang='lat' dir='ltr'>trito</span> <span class='ocrx_word' id='word_1_245' title='bbox 791 3309 872 3384; x_wconf 93' lang='lat' dir='ltr'>loco,</span> <span class='ocrx_word' id='word_1_246' title='bbox 889 3312 957 3384; x_wconf 88' lang='lat' dir='ltr'>XV,</span> <span class='ocrx_word' id='word_1_247' title='bbox 979 3313 1017 3386; x_wconf 74' lang='lat'>96</span> <span class='ocrx_word' id='word_1_248' title='bbox 1045 3332 1051 3369; x_wconf 91' lang='lat'>:</span> <span class='ocrx_word' id='word_1_249' title='bbox 1078 3334 1092 3365; x_wconf 72' lang='lat' dir='ltr'>u</span> <span class='ocrx_word' id='word_1_250' title='bbox 1115 3329 1218 3369; x_wconf 89' lang='lat' dir='ltr'>verum</span> <span class='ocrx_word' id='word_1_251' title='bbox 1243 3323 1276 3369; x_wconf 89' lang='lat' dir='ltr'>ut</span> <span class='ocrx_word' id='word_1_252' title='bbox 1298 3327 1395 3368; x_wconf 91' lang='lat' dir='ltr'>amare</span> 
     </span>
     <span class='ocr_line' id='line_1_31' title="bbox 330 3401 1392 3485; baseline -0.002 -24"><span class='ocrx_word' id='word_1_253' title='bbox 330 3405 418 3462; x_wconf 89' lang='lat' dir='ltr'>sinas.</span> <span class='ocrx_word' id='word_1_254' title='bbox 447 3404 551 3462; x_wconf 83' lang='lat' dir='ltr'>»Nam</span> <span class='ocrx_word' id='word_1_255' title='bbox 571 3402 721 3476; x_wconf 87' lang='lat' dir='ltr'>elisiones,</span> <span class='ocrx_word' id='word_1_256' title='bbox 734 3402 835 3485; x_wconf 90' lang='lat' dir='ltr'>quales</span> <span class='ocrx_word' id='word_1_257' title='bbox 849 3418 918 3462; x_wconf 89' lang='lat' dir='ltr'>sunt</span> <span class='ocrx_word' id='word_1_258' title='bbox 934 3427 949 3458; x_wconf 87' lang='lat'>«</span> <span class='ocrx_word' id='word_1_259' title='bbox 967 3403 1047 3462; x_wconf 90' lang='lat' dir='ltr'>disce</span> <span class='ocrx_word' id='word_1_260' title='bbox 1063 3422 1131 3462; x_wconf 89' lang='lat' dir='ltr'>meo</span> <span class='ocrx_word' id='word_1_261' title='bbox 1147 3401 1285 3482; x_wconf 85' lang='lat' dir='ltr'>exemplo</span> <span class='ocrx_word' id='word_1_262' title='bbox 1298 3402 1392 3475; x_wconf 89' lang='lat' dir='ltr'>XVll,</span> 
     </span>
    </p>
   </div>
   <div class='ocr_carea' id='block_1_5' title="bbox 331 3652 1393 4017">
    <p class='ocr_par' dir='ltr' id='par_1_5' title="bbox 331 3652 1393 3941">
     <span class='ocr_line' id='line_1_32' title="bbox 364 3652 1393 3713; baseline 0 -16"><span class='ocrx_word' id='word_1_263' title='bbox 364 3666 384 3700; x_wconf 90' lang='lat'>1.</span> <span class='ocrx_word' id='word_1_264' title='bbox 403 3654 497 3699; x_wconf 85' lang='lat' dir='ltr'>Praeter</span> <span class='ocrx_word' id='word_1_265' title='bbox 520 3652 696 3699; x_wconf 88' lang='lat' dir='ltr'>celeberrimum</span> <span class='ocrx_word' id='word_1_266' title='bbox 718 3652 743 3699; x_wconf 95' lang='lat' dir='ltr'>L.</span> <span class='ocrx_word' id='word_1_267' title='bbox 769 3652 921 3707; x_wconf 88' lang='lat' dir='ltr'>Muellerum,</span> <span class='ocrx_word' id='word_1_268' title='bbox 942 3653 975 3699; x_wconf 82' lang='lat' dir='ltr'>De</span> <span class='ocrx_word' id='word_1_269' title='bbox 994 3653 1025 3697; x_wconf 77' lang='lat' dir='ltr'>Rc</span> <span class='ocrx_word' id='word_1_270' title='bbox 1047 3652 1151 3707; x_wconf 77' lang='lat' dir='ltr'>Matrica,</span> <span class='ocrx_word' id='word_1_271' title='bbox 1178 3652 1207 3699; x_wconf 90' lang='lat' dir='ltr'>cf.</span> <span class='ocrx_word' id='word_1_272' title='bbox 1235 3652 1393 3713; x_wconf 87' lang='lat' dir='ltr'>Eschenburg,</span> 
     </span>
     <span class='ocr_line' id='line_1_33' title="bbox 332 3727 1393 3790; baseline -0.001 -17"><span class='ocrx_word' id='word_1_273' title='bbox 332 3729 445 3774; x_wconf 81' lang='lat' dir='ltr'>Metrische</span> <span class='ocrx_word' id='word_1_274' title='bbox 459 3729 660 3787; x_wconf 73' lang='lat' dir='ltr'>Untrrsucbungen,</span> <span class='ocrx_word' id='word_1_275' title='bbox 674 3739 728 3784; x_wconf 76' lang='lat' dir='ltr'>etc,</span> <span class='ocrx_word' id='word_1_276' title='bbox 744 3742 803 3789; x_wconf 81' lang='lat' dir='ltr'>3op.</span> <span class='ocrx_word' id='word_1_277' title='bbox 815 3728 945 3775; x_wconf 82' lang='lat' dir='ltr'>etalterum</span> <span class='ocrx_word' id='word_1_278' title='bbox 959 3743 1036 3790; x_wconf 89' lang='lat' dir='ltr'>progr.</span> <span class='ocrx_word' id='word_1_279' title='bbox 1046 3728 1152 3783; x_wconf 81' lang='lat' dir='ltr'>Lubecl,</span> <span class='ocrx_word' id='word_1_280' title='bbox 1165 3729 1255 3788; x_wconf 77' lang='lat' dir='ltr'>op.cil.;</span> <span class='ocrx_word' id='word_1_281' title='bbox 1266 3727 1393 3781; x_wconf 80' lang='lat' dir='ltr'>Tolkielrn,</span> 
     </span>
     <span class='ocr_line' id='line_1_34' title="bbox 331 3802 1393 3866; baseline -0.002 -17"><span class='ocrx_word' id='word_1_282' title='bbox 331 3814 364 3865; x_wconf 82' lang='lat' dir='ltr'>op.</span> <span class='ocrx_word' id='word_1_283' title='bbox 377 3806 427 3859; x_wconf 65' lang='lat' dir='ltr'>cit„</span> <span class='ocrx_word' id='word_1_284' title='bbox 440 3820 463 3866; x_wconf 90' lang='lat' dir='ltr'>p.</span> <span class='ocrx_word' id='word_1_285' title='bbox 485 3804 528 3850; x_wconf 88' lang='lat'>108</span> <span class='ocrx_word' id='word_1_286' title='bbox 543 3818 594 3865; x_wconf 90' lang='lat' dir='ltr'>sqq.</span> <span class='ocrx_word' id='word_1_287' title='bbox 608 3815 632 3849; x_wconf 91' lang='lat' dir='ltr'>et</span> <span class='ocrx_word' id='word_1_288' title='bbox 645 3805 765 3866; x_wconf 87' lang='lat' dir='ltr'>praecipue</span> <span class='ocrx_word' id='word_1_289' title='bbox 778 3804 853 3849; x_wconf 90' lang='lat' dir='ltr'>lsidor</span> <span class='ocrx_word' id='word_1_290' title='bbox 870 3803 976 3865; x_wconf 88' lang='lat' dir='ltr'>Hilberg,</span> <span class='ocrx_word' id='word_1_291' title='bbox 994 3804 1037 3849; x_wconf 79' lang='lat' dir='ltr'>Die</span> <span class='ocrx_word' id='word_1_292' title='bbox 1054 3804 1139 3861; x_wconf 62' lang='lat' dir='ltr'>Gesetze</span> <span class='ocrx_word' id='word_1_293' title='bbox 1150 3804 1190 3848; x_wconf 79' lang='lat' dir='ltr'>der</span> <span class='ocrx_word' id='word_1_294' title='bbox 1204 3802 1362 3864; x_wconf 76' lang='lat' dir='ltr'>Wortstellung</span> <span class='ocrx_word' id='word_1_295' title='bbox 1372 3804 1393 3847; x_wconf 84' lang='lat' dir='ltr'>in</span> 
     </span>
     <span class='ocr_line' id='line_1_35' title="bbox 332 3878 900 3941; baseline 0 -16"><span class='ocrx_word' id='word_1_296' title='bbox 332 3880 468 3925; x_wconf 75' lang='lat' dir='ltr'>Pentomeler</span> <span class='ocrx_word' id='word_1_297' title='bbox 480 3878 515 3923; x_wconf 80' lang='lat' dir='ltr'>das</span> <span class='ocrx_word' id='word_1_298' title='bbox 528 3879 595 3934; x_wconf 84' lang='lat' dir='ltr'>Ouid,</span> <span class='ocrx_word' id='word_1_299' title='bbox 609 3879 652 3940; x_wconf 90' lang='lat'>892</span> <span class='ocrx_word' id='word_1_300' title='bbox 664 3895 697 3938; x_wconf 91' lang='lat' dir='ltr'>p.,</span> <span class='ocrx_word' id='word_1_301' title='bbox 711 3879 813 3941; x_wconf 89' lang='lat' dir='ltr'>Leipsig,</span> <span class='ocrx_word' id='word_1_302' title='bbox 832 3881 900 3941; x_wconf 87' lang='lat'>1894.</span> 
     </span>
    </p>

    <p class='ocr_par' dir='ltr' id='par_1_6' title="bbox 363 3954 955 4017">
     <span class='ocr_line' id='line_1_36' title="bbox 363 3954 955 4017; baseline 0 -16"><span class='ocrx_word' id='word_1_303' title='bbox 363 3970 385 4002; x_wconf 81' lang='lat'>2.</span> <span class='ocrx_word' id='word_1_304' title='bbox 404 3954 448 4001; x_wconf 89' lang='lat' dir='ltr'>Sed</span> <span class='ocrx_word' id='word_1_305' title='bbox 458 3968 506 4001; x_wconf 88' lang='lat' dir='ltr'>var.</span> <span class='ocrx_word' id='word_1_306' title='bbox 521 3956 581 4010; x_wconf 82' lang='lat' dir='ltr'>texit,</span> <span class='ocrx_word' id='word_1_307' title='bbox 600 3956 677 4011; x_wconf 81' lang='lat' dir='ltr'>tinxit,</span> <span class='ocrx_word' id='word_1_308' title='bbox 690 3966 712 4001; x_wconf 87' lang='lat' dir='ltr'>et</span> <span class='ocrx_word' id='word_1_309' title='bbox 727 3955 863 4016; x_wconf 86' lang='lat' dir='ltr'>Sedlmayer</span> <span class='ocrx_word' id='word_1_310' title='bbox 868 3956 955 4017; x_wconf 83' lang='lat' dir='ltr'>pressit.</span> 
     </span>
    </p>
   </div>
   <div class='ocr_carea' id='block_1_6' title="bbox 0 0 1590 5017">
    <p class='ocr_par' dir='ltr' id='par_1_7' title="bbox 0 0 1590 5017">
     <span class='ocr_line' id='line_1_37' title="bbox 0 0 1590 5017; baseline 0 0"><span class='ocrx_word' id='word_1_311' title='bbox 0 0 1590 5017; x_wconf 95' lang='lat' dir='ltr'> </span> 
     </span>
    </p>
   </div>
  </div>
 </body>
</html>
