3159 5017
796 518 956 579 ...66-

343 653 406 736 (Cf.
422 652 555 735 Hilberg,
568 675 597 735 p.
614 656 660 727 18,
677 671 743 730 103,
759 671 829 732 273,
843 650 970 732 passim)
979 665 1008 711 et
1020 670 1212 711 communem
1225 650 1256 709 in
1267 648 1405 709 ordinan-

344 750 388 809 dis
403 747 555 808 vocabnlis
576 766 662 807 usum
682 760 779 807 servat
798 759 828 805 et
847 746 877 805 in
899 744 980 807 bono
1000 743 1113 805 lumine
1132 742 1316 817 attributum,
1337 743 1405 803 sub·

344 843 515 916 stantivum,
545 838 670 901 verbum
698 839 836 901 collocat.
862 840 967 921 Neque
994 852 1092 898 tamen
1118 836 1267 897 fastidiose
1290 851 1319 897 et
1345 857 1406 897 uno

344 950 447 996 tenore
458 934 523 995 fluit
540 954 652 1004 versus,
670 932 721 993 sed
737 947 797 993 tam
810 932 915 993 callida
928 947 972 992 est
983 931 1198 993 vocabulorum
1213 933 1404 1007 constructio,

344 1042 376 1089 nt
398 1028 590 1109 prosodiacae
611 1042 640 1087 et
662 1028 801 1087 metricae
821 1027 913 1108 leges,
934 1039 1108 1100 concentus,
1128 1024 1331 1105 perspicuitas,
1348 1025 1405 1099 vis,

343 1122 460 1195 veritas,
478 1118 599 1183 concisa
613 1119 751 1195 brevitas,
767 1121 798 1179 in
813 1120 970 1181 Ouidianis
984 1118 1118 1179 distichis
1128 1119 1239 1178 enitere
1252 1117 1407 1200 Hilbergio

346 1216 403 1299 (op.
417 1215 478 1290 cil,
500 1214 604 1277 Concl.
620 1234 650 1294 p.
671 1213 744 1293 845)
761 1214 927 1273 videantur.
946 1214 1032 1273 Metri
1051 1231 1171 1294 quoque
1190 1212 1365 1293 repetitione
1380 1227 1409 1272 et

345 1309 549 1369 decussatione
561 1327 687 1389 poeseos
696 1307 824 1388 gravitas
836 1321 960 1388 augetur
972 1306 1100 1366 etdictio
1109 1320 1246 1380 ornatur3
1263 1326 1331 1365 narn
1347 1326 1407 1366 non

346 1403 442 1463 solum
474 1401 660 1483 singulorum
688 1402 940 1473 hexametrorum,
972 1399 1024 1459 sed
1051 1413 1184 1459 totorum
1214 1399 1408 1461 distichorum

345 1496 533 1577 repetitiones
551 1496 686 1556 metricas
706 1514 792 1576 saepe
811 1494 1037 1568 animadvertes,
1050 1493 1125 1553 sicut
1137 1490 1294 1552 luculentis
1311 1514 1408 1554 exem-

345 1589 403 1671 plis
416 1589 656 1650 demonstrarunt
672 1590 707 1649 C.
723 1587 869 1669 Hnltgren
884 1586 1071 1647 etTolkiehn
1088 1602 1108 1646 ¹.

386 1684 447 1743 Iam
463 1681 570 1742 nitidas
589 1680 693 1743 Ovidii
708 1683 831 1742 virtutes
845 1682 874 1740 in
890 1680 1054 1762 pangendis
1072 1679 1204 1740 versibus
1218 1681 1410 1763 introspicere

345 1775 459 1837 facilius
474 1789 528 1836 est.
542 1777 619 1835 Nam
635 1776 658 1835 si
672 1775 818 1835 Heroides
838 1773 974 1856 diligenti
987 1794 1076 1834 manu
1089 1774 1245 1847 evolveris,
1263 1795 1409 1858 nusquam

346 1869 407 1930 fere
432 1868 563 1929 studium
583 1882 634 1929 aut
653 1868 817 1929 affectatam
844 1883 937 1929 artem
958 1868 1173 1949 deprehendes,
1201 1867 1275 1927 nihil
1298 1868 1410 1929 horridi

346 1976 395 2023 aut
411 1964 603 2023 contentione
621 1961 783 2037 elaborati3
805 1962 855 2022 sed
874 1976 980 2044 sponte
994 1980 1046 2020 sua
1065 1961 1166 2021 omnia
1184 1961 1219 2022 ad
1236 1962 1410 2043 rhythmum

347 2077 377 2116 se
393 2055 622 2116 accommodant
636 2068 664 2115 et
681 2055 786 2115 miram
806 2055 954 2138 quandam
967 2074 1107 2114 versuum
1126 2053 1314 2115 dulcedinem
1329 2055 1410 2115 exhi·

347 2150 428 2210 bent.
446 2148 518 2209 lnde
540 2147 572 2209 fit
584 2168 705 2231 quoque
721 2164 752 2209 ut
767 2150 840 2209 haec
858 2149 989 2209 carmina
1003 2147 1142 2208 facillime
1156 2147 1369 2228 complectatur
1382 2162 1411 2208 et

347 2242 670 2303 fidelissimememoria
680 2257 785 2317 servet,
795 2242 989 2325 quippequae
999 2255 1078 2301 tanta
1087 2241 1227 2301 suavitate
1236 2242 1411 2301 concinnata

348 2338 417 2411 sint,
427 2350 460 2395 ut
473 2356 509 2395 ne
518 2334 661 2417 syllabam
674 2337 795 2417 quidem
806 2349 919 2395 mutare
931 2334 1117 2416 plemmque,
1130 2334 1208 2394 salva
1218 2354 1411 2395 numerorum

348 2428 564 2503 modulatione,
585 2430 692 2509 possis.
719 2431 811 2510 Igitur
826 2428 897 2511 quid
916 2427 1043 2488 disticho
1062 2427 1215 2489 Ouidiano
1234 2428 1410 2509 perfectius?

350 2524 431 2583 Licet
446 2542 539 2583 unum
556 2521 719 2604 quemlibet
734 2522 836 2583 locum
851 2523 914 2581 sine
927 2522 1052 2581 consilio
1063 2534 1092 2581 et
1106 2521 1220 2581 delectu
1235 2521 1409 2602 perpendas,

348 2617 446 2676 statim
467 2616 631 2675 recinentes
653 2614 804 2677 lenissime
825 2635 928 2675 versus
948 2613 1040 2674 avidis
1068 2614 1186 2674 auribus
1212 2615 1358 2695 percipies
1383 2628 1411 2675 et

348 2708 457 2770 flebilia
485 2706 707 2768 modulamenta
736 2709 939 2791 exquisitaque
965 2721 1110 2767 concentu
1133 2707 1222 2767 verba
1247 2708 1409 2768 miraberis.

348 2803 422 2863 Vide
444 2822 479 2861 an
502 2802 653 2881 aptissime
676 2803 829 2862 sententiis
850 2816 878 2862 et
896 2801 1048 2861 affectibus
1066 2802 1181 2861 numeri
1195 2800 1410 2861 vocabulorum

349 2896 490 2955 suavitate
505 2908 533 2954 et
548 2895 743 2974 dispositione
759 2896 969 2977 respondeant,
988 2896 1011 2968 l,
1024 2897 1116 2972 81·9o
1135 2917 1141 2954 ε

527 3016 571 3068 Me
584 3027 655 3085 pater
670 3016 766 3070 Icarius
780 3016 862 3070 viduo
875 3015 1007 3069 discedere
1019 3014 1088 3068 lecto

529 3099 609 3169 Cogit
624 3113 649 3153 et
663 3100 809 3153 immensas
822 3101 940 3171 increpat
955 3115 1038 3171 usque
1050 3115 1149 3152 moras.

527 3185 649 3253 Increpet
663 3200 748 3255 usque
761 3184 837 3250 licet;
854 3198 899 3239 tua
913 3201 983 3248 sum,
997 3196 1042 3237 tua
1056 3184 1128 3237 dicar
1141 3196 1260 3254 oportet;

527 3255 663 3339 Penelope
675 3270 792 3322 coniunx
807 3286 912 3340 semper
923 3268 1009 3321 Ulixis
1024 3285 1080 3334 ero,
1095 3280 1145 3322 etc.

392 3379 535 3440 Dolorem
552 3392 581 3438 et
600 3380 796 3460 impotentem
814 3381 886 3439 iram
906 3379 1020 3439 idoneis
1037 3380 1168 3439 numeris
1187 3380 1324 3460 exprimit
1342 3383 1412 3440 Her·

352 3474 465 3548 mione,
481 3475 561 3548 Vlll,
582 3488 635 3550 57:

493 3594 615 3664 Rumpor
626 3605 652 3646 et
666 3610 712 3647 ora
727 3594 793 3647 mihi
806 3595 902 3665 pariter
915 3611 978 3647 cum
990 3605 1081 3647 mente
1095 3604 1258 3658 tumescunt,

493 3678 656 3749 Pectoraque
666 3678 771 3732 inclusis
784 3678 891 3750 ignibus
910 3691 969 3731 usta
982 3677 1083 3733 dolent.

493 3762 640 3816 Hermione
653 3780 742 3816 coram
756 3764 932 3834 quisquamne
943 3763 1040 3817 obiecit
1055 3762 1154 3826 Oresti,

492 3847 548 3899 Nec
560 3847 625 3899 mihi
638 3860 698 3901 sunt
711 3849 787 3913 vires,
809 3864 857 3901 nec
871 3847 942 3901 serus
955 3849 1024 3903 ensis
1037 3846 1132 3901 adest?

385 4012 405 4044 1.
427 3996 520 4059 Hultg.‚
535 3998 624 4045 Observ.
636 4003 695 4053 meh,
708 4007 741 4061 op.
756 4001 803 4055 cit„
818 4015 840 4061 p.
857 3999 921 4052 1-28,
935 4010 957 4046 et
970 4000 1013 4045 Die
1026 3998 1131 4054 Technil,
1148 4006 1182 4059 op.
1198 3999 1246 4053 cir,
1260 4013 1285 4059 p.
1303 4010 1346 4057 745
1364 4011 1412 4059 sqq.

351 4070 432 4129 Tolk.‚
447 4081 480 4134 op.
492 4074 539 4128 rit,
555 4089 577 4135 p.
595 4073 706 4121 rra-116.
