3159 5017
759 542 801 555 -ι
819 528 860 584 ⁴⁴
879 542 922 555 ι-

307 644 482 707 chritudinis
498 646 642 707 iudicium
661 662 767 705 narem
781 642 818 703 ad
831 642 990 725 petendam
1002 642 1158 703 Graeciam
1171 629 1380 726 Helenamque

309 742 456 801 struxerit.
470 740 553 811 Quid
566 742 690 801 censes?
705 736 890 799 Diffunditur
903 750 992 818 poeta
1006 736 1152 797 narrando
1166 756 1252 797 caesa
1265 737 1378 819 pineta,

309 853 425 895 caesam
440 834 543 917 utilem
555 833 702 905 arborem,
717 831 843 913 spoliata
855 831 939 891 siliis
956 831 1098 912 Gargara,
1111 829 1149 891 ab
1161 830 1213 891 lda
1229 830 1311 891 datas
1322 845 1379 891 tra·

309 925 372 1002 bes,
388 926 464 987 flexa
478 926 595 1001 robora,
608 941 718 987 textam
742 926 833 985 costis
853 927 1004 985 carinam:
1018 924 1124 985 cadem
1138 926 1266 985 omnino
1280 925 1379 999 notio,

308 1034 419 1081 mutata
432 1020 530 1081 verbe.
545 1022 773 1102 Nonnunquam
786 1019 933 1079 sententia
944 1018 976 1077 in
988 1018 1229 1078 enumerationes
1243 1016 1379 1092 diluitur,

308 1132 383 1197 quae
396 1132 495 1175 rerum
509 1115 683 1195 graritatem
697 1113 836 1187 elevant3
849 1113 890 1172 ita
900 1111 1040 1187 Ariadne,
1054 1112 1200 1193 pereundi
1212 1110 1296 1172 mille
1305 1110 1381 1194 figu-

308 1226 354 1267 ras
375 1220 523 1281 metuens,
546 1207 689 1289 quasdam
714 1208 812 1267 otiose
832 1219 1000 1287 percenset,
1023 1207 1064 1280 X,
1082 1206 1120 1285 83
1140 1224 1222 1289 sqq.‚
1238 1218 1269 1266 et
1280 1204 1380 1287 lupos,

307 1300 421 1373 leones,
434 1300 565 1383 tigridas,
582 1301 705 1382 phocas,
723 1298 838 1380 gladios
858 1312 1016 1359 memorat.

349 1394 383 1455 ln
395 1393 569 1455 huiusmodi
584 1394 657 1454 locis
670 1392 828 1454 artificium
842 1411 1024 1453 summuma
1039 1406 1129 1474 poeta
1140 1391 1307 1454 exhibitum
1319 1391 1384 1453 lor·

308 1502 384 1549 tasse
399 1488 490 1561 dices,
510 1506 607 1569 neque
635 1488 797 1557 immerito,
817 1487 961 1568 quoniam
990 1486 1111 1567 elegans
1137 1487 1283 1569 quaedam
1305 1487 1383 1547 inest

310 1579 443 1665 gradatio
457 1595 487 1643 et
505 1580 599 1641 facilis
610 1580 809 1655 abundantia;
825 1581 876 1639 sed
892 1580 960 1639 talia
978 1580 1003 1639 si
1023 1580 1171 1641 severiore
1190 1581 1302 1641 iudicio
1316 1600 1382 1662 per-

311 1674 460 1757 penderis,
477 1695 512 1735 ex
524 1674 677 1735 rhetomm
689 1673 867 1734 umbraculis
875 1672 997 1733 fluxisse
1006 1673 1198 1735 existimabis.
1215 1672 1269 1735 llla
1282 1688 1383 1735 tamen

313 1768 384 1828 vitia
398 1766 466 1829 licet
481 1768 629 1829 interdum
647 1766 744 1827 dulcia
764 1765 928 1840 arbitreris;
948 1767 1116 1848 periculum
1128 1782 1230 1829 autem
1246 1768 1385 1829 imminet

315 1880 353 1923 ne
381 1862 412 1921 in
437 1860 557 1943 frigidas
585 1874 614 1922 et
640 1863 858 1941 inopportunas
871 1862 1034 1921 sententias
1052 1875 1141 1943 poeta
1162 1861 1335 1938 deducatur,
1355 1874 1385 1923 et

314 1955 436 2039 putidus
459 1954 506 2015 vel
530 1953 652 2015 rudibus
676 1952 925 2014 existimatoribus
945 1974 1011 2015 esse
1031 1955 1177 2016 videatur.
1203 1955 1252 2015 lin
1281 1952 1385 2015 dolere
1450 1964 1454 1969 ’

314 2048 441 2132 graviter
450 2047 593 2109 feminam
606 2068 709 2109 censes
722 2068 797 2130 quae
809 2047 968 2108 luxuriosis
978 2047 1226 2131 descriptionibus
1239 2047 1386 2131 gaudeat?

313 2144 411 2203 Ante
438 2140 599 2203 infortunia
626 2140 774 2201 Phaedrae
798 2139 914 2201 laedere
937 2155 1090 2222 poterunt,
1112 2162 1190 2225 quae
1209 2141 1385 2225 flagrantem

314 2255 402 2297 suum
417 2236 517 2318 ignem
532 2234 694 2317 disquisitis
707 2232 805 2294 serbis
818 2232 968 2308 describit,
985 2236 1039 2308 lv,
1055 2238 1172 2314 21-30?

454 2368 561 2424 Scilicet
573 2380 604 2423 ut
614 2380 722 2423 tenerm
733 2366 843 2422 laedunt
854 2368 917 2439 iuga
930 2368 1017 2440 prima
1029 2368 1169 2437 iutencos,

453 2453 589 2525 Frenaque
604 2453 648 2507 vir
667 2453 765 2525 patitur
779 2452 815 2505 de
827 2470 909 2524 grege
921 2466 1014 2524 captus
1027 2470 1133 2527 equus3

452 2537 497 2593 Sic
510 2538 579 2593 male
593 2538 690 2611 vixque
708 2537 780 2591 subit
793 2538 896 2609 primos
908 2538 974 2591 rude
992 2551 1084 2609 pectm
1095 2554 1213 2608 amores,

456 2621 615 2696 Sarcinaque
633 2622 698 2677 haec
712 2623 805 2677 animo
818 2638 877 2675 non
893 2621 967 2677 sedet
978 2635 1039 2693 apta
1051 2640 1150 2681 meo...

458 2705 503 2761 Tu
518 2723 589 2761 nova
601 2720 720 2762 seruatae
732 2723 823 2777 carpes
835 2705 964 2761 libamina
976 2706 1074 2774 lamae,

458 2790 492 2845 Et
503 2792 601 2863 pariter
614 2804 739 2847 nostrum
752 2790 798 2845 fiet
811 2804 923 2863 uterque
935 2808 1071 2849 nocens...

358 2914 498 2978 Pessimis
515 2936 584 2977 sane
599 2916 779 2998 argumentis
796 2916 890 2977 utitur
904 2916 1036 2978 Phaedra
1056 2930 1092 2979 ut
1108 2918 1294 3000 persuasioni
1311 2938 1387 2981 con-

320 3007 396 3071 sulat
410 3022 439 3071 et
458 3009 657 3093 Hippolytum
675 3011 706 3070 in
724 3029 860 3071 amorem
880 3010 1012 3072 inducat.
1033 3011 1167 3085 Qualem
1184 3032 1274 3095 porro
1294 3012 1388 3075 fidem

318 3102 443 3165 amantis
457 3102 543 3164 dictis
556 3103 705 3185 praebeas,
728 3102 780 3187 qui
795 3102 976 3165 immodicus
992 3104 1026 3165 in
1041 3106 1185 3189 augendis
1199 3104 1287 3167 rebus
1306 3107 1345 3169 sit
1357 3121 1387 3168 et

320 3198 350 3259 in
366 3195 520 3259 elatiorem
539 3198 705 3258 orationem
722 3201 877 3280 erumpat?
890 3197 1016 3259 Talibus
1033 3198 1189 3261 vocabulis
1208 3200 1239 3261 in
1256 3198 1388 3282 amplifi·

319 3292 467 3353 cationem
480 3292 658 3373 exaggeratis
671 3290 746 3352 nihil
758 3290 847 3352 solidi
857 3290 978 3353 subesse
986 3306 1094 3375 putes:
1108 3293 1207 3377 qualia
1218 3293 1321 3355 inflato
1336 3313 1387 3355 ore

318 3384 450 3449 Leander
468 3383 606 3459 effundit,
622 3385 734 3461 XVIII,
751 3386 788 3445 66
805 3406 871 3469 sqq.
888 3406 897 3448 a

493 3518 565 3573 Vera
577 3518 651 3591 loqui
665 3517 758 3587 liceat;
773 3537 862 3593 quarn·
869 3537 977 3593 sequor,
992 3521 1049 3594 ipsa
1061 3521 1112 3577 dea
1121 3534 1171 3578 est.

494 3602 557 3659 Neu
570 3603 683 3659 reseram
696 3622 785 3659 mores
799 3604 905 3660 caelesti
918 3618 1025 3679 pectore
1037 3606 1148 3679 dignos,

497 3688 594 3744 Forma
607 3689 658 3744 nisi
671 3690 700 3744 in
711 3706 786 3745 veras
799 3707 856 3745 non
867 3692 938 3746 cadit
951 3691 997 3745 illa
1010 3692 1074 3746 deas
1086 3704 1139 3747 etc.

360 3830 394 3890 ln
408 3826 585 3889 huiusmodi
599 3827 675 3890 locis
689 3828 761 3910 quin
776 3848 882 3911 parum
899 3828 1089 3893 observatum
1104 3830 1142 3892 sit
1157 3829 1303 3893 decorum
1322 3828 1388 3913 quis

322 3922 455 3986 dubitet?

363 4016 446 4079 Idem
462 4016 594 4081 Leander
606 4036 643 4081 eo
658 4016 833 4083 ambitiosae
842 4017 874 4080 iu
887 4016 1042 4103 loquendo
1055 4017 1211 4081 anxietatis
1227 4016 1341 4094 recidit,
1355 4026 1389 4078 ut
